2660 4228
229 322 318 377 Cdoar
335 323 392 378 und
408 321 561 392 Augustus.
596 324 662 379 Met.
676 323 738 389 XV,
755 325 897 378 tre-ate.
1019 327 1060 390 95

55 498 118 556 255
143 495 205 557 Sed
227 498 325 557 variat
345 498 517 574 faciemque
538 505 643 573 novat3
667 499 814 576 nascique
837 505 965 560 vocatur

142 583 279 660 Incipere
302 601 369 643 esse
392 583 483 658 aliud,
508 603 599 660 quam
622 585 704 660 quod
731 585 787 644 fuit
813 591 897 658 ante,
925 586 1061 662 morique

143 668 287 728 Desinere
309 668 385 728 illud
407 668 497 728 idem.
543 667 620 729 Cum
641 671 701 729 sint
721 670 783 730 huc
805 671 930 730 forsitan
952 669 1013 742 illa,

143 753 229 814 Haec
250 754 398 814 translata
419 753 501 828 illuc,
525 773 643 814 summa
664 760 765 815 tamen
788 757 890 816 omnia
912 761 1060 815 constant.

144 838 192 897 Nil
215 838 357 915 equidem
380 839 489 899 durare
512 840 564 899 diu
586 840 644 899 sub
666 841 795 917 imagine
819 841 930 900 eadem

59 927 121 983 260
147 921 344 984 Crediderim.
390 922 441 984 Sic
465 924 504 983 ad
526 925 639 984 ferrum
660 927 785 985 veniatis
809 926 847 985 ab
872 944 953 1001 auro,

114 1012 127 1031 ⁶
146 1007 292 1083 Saecula3
317 1011 362 1069 sic
384 1011 474 1069 toties
496 1028 586 1069 versa
608 1016 655 1069 est
677 1011 797 1070 fortuna
818 1011 966 1071 locorum.

144 1095 212 1154 Vidi
235 1113 298 1172 ego,
324 1096 405 1171 quod
428 1096 528 1155 fuerat
549 1095 704 1172 quondam
726 1096 908 1155 solidissima
929 1096 1028 1170 tellus.

144 1180 218 1240 Esse
240 1181 365 1255 fretum3
389 1180 451 1239 vidi
472 1181 571 1240 factas
594 1199 633 1240 ex
657 1198 790 1258 aequore
812 1186 918 1256 terrae,

144 1265 181 1325 Et
202 1266 310 1344 procul
334 1285 352 1326 a
373 1266 481 1343 pelago
506 1266 642 1326 conchae
665 1267 789 1326 iacuere
810 1268 954 1339 marinae,

59 1353 120 1410 265
143 1351 181 1411 Et
202 1358 291 1411 vetus
312 1352 434 1412 inventa
457 1357 503 1411 est
524 1353 554 1412 in
575 1352 729 1412 montibus
752 1353 885 1412 anchora
905 1353 1039 1412 summis.

145 1437 294 1514 Quodque
316 1437 372 1496 fuit
394 1455 529 1515 campus,
552 1437 664 1497 vallem
687 1437 835 1498 decursus
858 1456 1006 1514 aquarum

144 1522 240 1596 Fecit,
265 1527 295 1582 et
317 1522 415 1583 eluvie
438 1540 524 1582 mone
547 1530 594 1583 est
616 1523 768 1583 deductus
790 1525 820 1581 in
844 1541 972 1600 acquor;

145 1607 230 1685 Eque
252 1606 402 1684 paludosa
424 1609 515 1666 siccis
536 1608 647 1667 humus
671 1614 736 1667 aret
756 1608 887 1681 harenis,

145 1693 292 1768 Quaeque
315 1693 394 1750 sitim
416 1690 557 1765 tulerant,
581 1698 721 1768 stagnata
742 1692 905 1769 paludibus
927 1699 1040 1752 ument.

111 1813 168 1866 Die
180 1813 285 1864 Lehreu
301 1811 405 1863 werden
422 1813 487 1864 noea
499 1811 762 1884 weiterfortqeaetat.
794 1813 852 1867 Mic
863 1813 964 1867 soleta
980 1814 1063 1868 Weis-

59 1889 114 1943 hea't
133 1889 237 1959 arsum,
260 1886 331 1939 wird
348 1888 440 1941 Numa
457 1889 550 1958 Kdaa'q
567 1890 623 1942 uad
638 1891 738 1943 weudet
762 1890 804 1944 die
823 1892 925 1944 Romer
942 1908 990 1944 aur
1008 1893 1063 1944 Re-

60 1964 145 2035 liqa‘oa
162 1964 219 2016 und
234 1981 267 2017 au
284 1964 407 2017 Kumun
425 1964 469 2017 dec
486 1965 631 2029 Μάνη
655 1984 684 2020 cr
707 1967 787 2021 atirdi
802 1968 968 2038 acuatacuat:
992 1968 1064 2022 aeine

62 2041 203 2095 trauaruda
226 2040 321 2093 (icitia
338 2040 466 2110 chrc'a
483 2042 554 2095 wird
569 2042 598 2096 e'a
615 2042 672 2096 eiua
686 2046 777 2106 Quelle
794 2045 962 2110 normandeli,
980 2045 1065 2098 wodei

60 2120 159 2172 audere
177 2118 403 2188 Vcrwandluaqea
414 2118 603 2192 eiaqqaoaaua
613 2122 725 2174 werdae
756 2122 817 2175 Der
829 2121 943 2175 Dichter
959 2121 1064 2191 apriuyt

60 2196 132 2249 daun
148 2194 212 2248 dhar
234 2212 266 2248 au
289 2195 336 2247 der
358 2195 560 2267 aucst'lhrla'odeu
577 2197 746 2267 Eraddluuffi
769 2197 820 2250 wie
842 2215 890 2251 aur
909 2196 969 2250 Zeit
991 2197 1064 2250 einer

61 2274 125 2326 Peot
141 2272 306 2340 Aesculap
324 2271 353 2324 iu
371 2271 418 2324 der
440 2273 544 2326 Geatait
561 2272 633 2326 einer
651 2273 780 2342 Scdlaaqe
797 2276 853 2344 auf
867 2273 952 2325 ciuem
964 2272 1064 2342 Selaiffe

61 2367 111 2402 voa
122 2348 280 2417 Epidaurus
296 2348 363 2400 uach
376 2349 448 2400 Rom
463 2349 587 2417 qebracat
603 2349 709 2402 worden
727 2356 789 2408 (293
806 2365 830 2400 v.
851 2349 921 2410 cur.)
941 2347 998 2401 und
1013 2353 1069 2418 aus

61 2426 133 2480 aiau
149 2425 225 2478 Iuael
240 2424 285 2476 dea
308 2424 481 2495 Taderflucua
498 2423 555 2476 aeia
573 2424 724 2493 Heila‘qium
740 2424 875 2494 qesuuden
896 2424 968 2477 dade.
1008 2425 1066 2477 Md

62 2503 109 2556 der
124 2503 196 2555 loacu
212 2500 413 2570 Aalcadpsunq,
433 2499 493 2552 daca
505 2501 640 2568 Aesculap
658 2502 698 2553 ala
716 2499 924 2569 auewdrtiqe
946 2500 1065 2554 uocatae

62 2581 127 2633 nach
149 2578 222 2632 Rom
244 2575 406 2645 uckommcu,
432 2576 493 2645 qedt
516 2594 546 2628 cr
570 2578 659 2647 acford
685 2575 749 2629 iiber
775 2594 823 2629 aur
845 2578 995 2646 Apotdeoae
1020 2579 1065 2631 dcc

67 2658 150 2710 Odaar
168 2656 208 2708 alo
226 2653 299 2706 einer
316 2651 477 2706 atddtucdea
493 2651 638 2706 rornicchen
661 2652 785 2706 Gattaeit.
829 2655 916 2708 Vacua
937 2653 1005 2708 aiedt
1021 2654 1065 2708 da'e

65 2732 270 2799 Vuacdudruaq
285 2746 366 2799 aequa
387 2730 479 2795 Ullcar,
497 2729 573 2782 ihren
588 2729 776 2800 Adkommliuq
793 2749 841 2784 auo
852 2730 998 2785 Jalueaam
1013 2736 1064 2786 Ga·

62 2809 202 2866 steuchu-
223 2807 262 2860 εἰν
283 2805 425 2859 beacdwdrt
442 2806 484 2860 dic
503 2806 708 2872 Himmla'acdea,
732 2806 775 2860 νῚιν
797 2808 975 2867 beiauatedeas
1002 2809 1065 2862 aber

63 2888 110 2940 dac
122 2884 257 2938 Schicicoal
273 2885 339 2937 lacot
354 2882 410 2936 aicit
426 2883 500 2936 nicht
517 2884 633 2947 dudum
652 2885 766 2954 ἄνθορεν
782 2884 852 2956 darf
859 2885 897 2938 εἰν
908 2885 979 2938 aciae
992 2887 1065 2939 Seele

63 2981 95 3018 au
113 2963 162 3016 dea
185 2964 297 3016 Guttam
314 2960 510 3031 anporfddreu.
547 2961 674 3014 Darddcr
691 2962 739 3014 dua
756 2961 905 3030 Folyeude:

320 3109 370 3181 27.
403 3112 506 3180 (ttaar
527 3112 595 3179 und
616 3113 801 3200 Augustus.

386 3216 445 3264 (Lib.
460 3216 510 3263 XV.
523 3214 563 3259 ua
577 3217 613 3257 bio
627 3215 737 3267 Schlnua]

112 3303 209 3360 Vanus
226 3299 276 3355 hat
293 3300 364 3356 oben
381 3300 420 3354 im
437 3299 558 3354 Himmel
574 3300 620 3355 die
638 3299 746 3366 Gotter,
765 3301 874 3356 einzeln
892 3301 949 3356 und
967 3301 1064 3370 inege-

64 3384 143 3443 aamt,
166 3393 213 3432 um
229 3375 314 3432 Httlse
338 3375 478 3446 angofleht
498 3391 591 3446 gegen
608 3377 654 3433 die
671 3376 904 3446 Vorochwtirnng,
931 3378 978 3433 dio
999 3380 1064 3433 dem

63 3458 157 3514 Leben
176 3454 278 3510 Odoars
296 3453 417 3510 bereitct
433 3455 514 3510 wird.

189 3541 278 3623 Talia
299 3563 484 3640 nequiquam
506 3566 570 3620 toto
593 3560 694 3622 Venus
718 3563 809 3621 anxia
832 3560 919 3620 caelo

66 3654 122 3711 780
141 3649 243 3710 Verba
252 3649 326 3709 iacit
337 3665 524 3727 superosque
535 3654 650 3721 movet3
666 3649 718 3725 qui
729 3665 869 3724 rumpere
879 3662 1063 3724 quamquam
