2660 4228
255 293 313 352 124
402 287 460 343 Des
477 289 609 344 Dichters
627 288 731 343 Leben.
766 284 973 351 Trist.1v,1o,
991 288 1101 342 1-132.

336 463 454 524 Fortior
473 466 504 522 in
526 463 609 523 fulva
629 481 727 523 novus
750 469 796 522 est
817 463 949 522 luotator
970 463 1099 538 harena,

380 549 478 621 Quam
500 549 550 607 oui
572 555 642 607 sunt
664 548 752 607 tarda
773 548 919 607 hraoohia
941 548 1023 608 fessa
1045 567 1144 609 mora.

336 634 455 711 Integer
477 641 524 694 est
545 634 651 693 melior
671 634 774 692 nitidis
797 633 946 709 gladiator
969 635 998 691 in
1022 636 1124 709 arma,

380 719 479 791 Quam
502 721 550 778 oui
572 720 635 778 tela
656 738 712 793 suo
735 720 880 795 sanguine
903 720 998 778 tincta
1020 719 1144 779 rubent.

276 807 314 863 35
338 805 411 864 Fert
432 806 511 864 bene
532 807 714 883 praecipites
736 805 822 863 navis
843 804 934 863 modo
958 806 1041 863 faeta
1062 807 1227 884 procellae,

382 890 554 962 Quamlibet
577 892 686 967 exiguo
708 890 834 949 solvitur
855 889 951 950 imbre
973 897 1071 950 vetus.

338 977 401 1037 Nos
423 995 555 1054 quoque,
579 994 658 1053 quae
681 976 812 1050 ferimus,
836 975 959 1035 tulimus
981 978 1149 1054 patientius
1172 984 1239 1038 ante

383 1062 481 1134 Quam
502 1062 584 1121 mala
601 1068 675 1122 'sunt
696 1062 787 1139 longa
808 1061 1010 1138 multiplicata
1033 1062 1092 1121 die.

341 1145 472 1222 Credite,
498 1148 621 1222 defioio;
644 1153 809 1224 nostroque
833 1164 851 1205 a
874 1164 1001 1224 corpore
1025 1154 1175 1224 quantum

277 1235 317 1290 40
382 1232 530 1309 Auguror,
555 1233 706 1292 aooedeut
726 1238 864 1310 tempora
885 1250 980 1310 parva
1001 1233 1098 1292 malis.

340 1317 418 1377 Nam
439 1336 539 1395 neque
561 1324 631 1377 sunt
652 1318 741 1392 vires,
764 1336 822 1377 nee
845 1319 897 1394 qui
920 1317 1095 1378 colorasse
1119 1320 1247 1380 solebat*

382 1403 439 1461 Vix
461 1403 561 1463 habeo
584 1408 716 1478 tenuem,
740 1421 819 1480 quae
842 1409 925 1480 tegat
946 1421 1025 1478 ossa,
1050 1410 1162 1464 cutem.

344 1487 477 1567 Corpore
500 1490 555 1549 sed
578 1507 663 1548 mens
686 1495 731 1548 est
754 1506 844 1565 aegro
866 1490 963 1566 magis
986 1507 1087 1566 aegra,
1111 1492 1241 1571 malique
1312 1496 1313 1567 l

382 1574 415 1632 ln
438 1576 661 1652 circumspeotu
683 1579 742 1633 stat
764 1576 828 1634 sine
850 1574 910 1633 fine
933 1575 989 1633 sui.
1312 1576 1313 1613 i

277 1662 316 1718 45
340 1659 428 1720 Urbis
451 1661 538 1720 abest
559 1661 662 1735 facies,
687 1660 806 1734 absunt,
829 1678 898 1719 mea
921 1678 1003 1734 eura,
1027 1661 1162 1728 sodales,

382 1745 428 1820 Et,
452 1765 514 1824 qua
534 1746 619 1806 nulla
640 1746 712 1805 mihi
735 1747 840 1819 rarior,
864 1764 942 1805 uxor
965 1746 1068 1821 abest3

340 1830 455 1907 Vulgus
478 1832 564 1892 adest
587 1830 764 1909 Scythicum
785 1831 973 1908 bracataque
988 1832 1080 1891 turba
1095 1832 1249 1894 Getarum:

385 1913 435 1974 Sic
457 1917 545 1992 male,
570 1935 648 1995 quae
670 1917 759 1977 video
781 1935 842 1976 uon
864 1917 1025 1994 videoque,
1048 1925 1172 1978 nocent.

341 2000 408 2060 Una
428 2007 531 2061 tamen
552 2020 623 2080 spes
646 2009 700 2077 est,
724 2021 802 2080 quae
825 2019 874 2061 me
896 2002 1011 2062 solatur
1033 2005 1064 2061 in
1086 2006 1162 2079 istie,

279 2089 318 2144 50
384 2085 468 2146 Haeo
490 2089 553 2148 fore
575 2094 671 2147 morte
694 2107 763 2148 mea
784 2106 844 2146 non
868 2087 1010 2147 diuturna
1032 2089 1123 2148 mala.

523 2361 580 2432 43.
610 2365 674 2432 lies
697 2365 851 2433 lliolrters
873 2364 994 2432 beben.

614 2486 691 2536 (rest.
705 2487 744 2538 ιν,
759 2483 792 2535 10,
807 2482 899 2535 1-132.)

310 2589 368 2643 Der
380 2587 504 2650 Diohter,
518 2589 556 2642 im
569 2586 681 2652 Geftihl,
697 2589 764 2643 dass
778 2587 847 2641 erin
860 2587 955 2642 seinen
967 2586 1092 2644 Werkan
1104 2590 1176 2644 auelr
1188 2591 1253 2645 nsoh

259 2666 322 2720 dem
340 2665 420 2719 Tode
438 2665 512 2720 noch
530 2662 670 2720 fortlebeu
693 2666 751 2719 und
769 2664 816 2719 bei
834 2665 885 2718 der
903 2667 1001 2731 apaten
1018 2665 1166 2721 Naohwolt
1183 2669 1254 2722 seire

258 2743 344 2798 Lesor
355 2742 446 2797 haben
458 2742 559 2806 werdo,
580 2741 642 2808 gibt
655 2743 735 2796 einen
747 2742 851 2797 Abriss
869 2742 960 2796 selues
973 2743 1093 2806 Lebens,
1112 2745 1203 2800 demit
1213 2745 1254 2798 die

259 2817 449 2874 fraundliohen
460 2818 546 2872 Leser
564 2819 655 2872 seiner
667 2816 804 2872 Gediohte
822 2819 893 2872 auoh
911 2821 956 2873 ein
968 2818 1033 2873 Bild
1050 2836 1107 2876 ron
1125 2821 1175 2876 der
1192 2821 1253 2875 Per·

258 2893 428 2950 sttnliehkeit
445 2894 496 2947 des
514 2893 644 2948 Dichters
663 2892 753 2949 haben
771 2897 879 2963 mdgen.

344 3007 402 3089 Ille
426 3046 481 3106 ego
505 3028 557 3105 qui
578 3027 694 3101 fuerim,
717 3033 890 3086 tenerorum
911 3028 994 3087 lusor
1018 3046 1164 3105 amorum,

388 3114 485 3186 Quem
506 3114 589 3190 legio,
614 3121 648 3172 ut
669 3113 759 3187 noris,
785 3114 891 3191 aooipe
914 3112 1091 3190 posteritasl

346 3198 449 3260 Sulmo
472 3200 544 3259 mihi
566 3200 665 3277 patria
687 3205 742 3272 est,
767 3199 873 3276 gelidis
895 3199 1065 3258 uberrimus
1088 3200 1187 3275 undis,

387 3285 469 3344 Milia
491 3286 543 3362 qui
563 3285 669 3344 novies
692 3284 784 3344 distat
807 3285 845 3343 ab
867 3283 948 3344 Urbe
971 3285 1089 3345 decem.

306 3375 322 3429 5
346 3371 452 3431 Editus
474 3371 544 3429 hino
568 3389 623 3447 ego
646 3388 729 3445 sum3
753 3387 811 3429 neo
833 3388 894 3429 non
917 3376 950 3430 ut
972 3377 1111 3448 tempora
1132 3373 1226 3432 noris:
1312 3378 1313 3409 ³

390 3454 466 3515 Cum
489 3455 600 3515 cecidit
622 3456 684 3515 fato
708 3455 814 3515 consul
836 3462 964 3533 uterque
987 3458 1060 3534 pari.

347 3540 378 3601 Si
401 3542 474 3619 quid
496 3542 527 3601 id
551 3547 606 3616 est,
630 3559 727 3617 usque
750 3559 768 3600 a
789 3543 910 3619 proavis
925 3548 1013 3601 vetus
1031 3543 1147 3603 ordinis
1161 3544 1252 3611 heres,
1312 3616 1313 3619 Ἴ

389 3627 456 3687 Non
478 3627 568 3687 modo
590 3627 728 3686 fortunae
751 3644 875 3686 munere
898 3627 998 3686 faetus
1021 3647 1127 3706 eques.
