2660 4224
225 287 265 350 38
487 278 636 336 Pentheus.
669 278 735 334 blot.
747 279 799 346 111,
814 280 957 333 628-733.

310 459 464 537 Prospioio
488 459 675 534 comitesque
696 474 775 517 voco
797 462 964 533 repetoque
987 458 1130 518 carinam.

226 548 286 605 665
311 544 483 618 „Adsumus
507 542 581 603 enl“
603 544 700 621 inquit
721 544 873 603 sociorum
894 541 1008 619 primus
1030 541 1186 620 Opheltes,

309 629 409 708 thue
431 633 527 709 putat,
550 629 697 707 praedam
719 628 839 688 deserto
861 632 971 690 nactus
992 628 1023 687 in
1046 646 1125 706 agro,

309 716 449 796 Virginea
469 733 597 793 puerum
620 714 705 774 ducit
726 732 781 793 per
801 714 890 773 litora
910 713 1015 774 forma.

308 801 362 862 Ille
384 820 467 862 mero
490 819 657 878 somnoque
679 801 778 879 gravis
799 799 930 860 titubare
951 799 1080 873 videtur,

309 887 427 966 Vixque
442 889 537 965 sequi.
572 885 684 964 Specto
701 885 816 945 cultum
830 885 1000 963 faciemque
1016 885 1223 963 gradumque,

227 977 287 1034 616
310 972 359 1033 Nil
381 973 424 1033 ibi
446 972 527 1051 quod
551 972 635 1032 credi
656 977 760 1051 posset
781 971 917 1044 mortale,
940 969 1092 1032 videbam.

310 1058 348 1119 Et
370 1061 452 1119 sensi
474 1065 504 1119 et
526 1058 589 1118 dixi
610 1059 714 1118 sociis:
739 1057 849 1133 „Quod
870 1075 983 1117 numen
1004 1058 1035 1116 in
1057 1058 1114 1117 isto

312 1143 444 1223 Corpore
467 1146 513 1218 sit,
539 1143 657 1204 dubito:
683 1145 737 1204 sed
762 1161 887 1221 corpore
901 1160 1013 1202 numen
1031 1144 1061 1201 in
1083 1144 1142 1204 isto
1166 1149 1223 1204 est.

311 1230 454 1308 Quisquis
477 1249 517 1306 es,
542 1248 560 1289 o
583 1231 695 1304 faveas,
719 1231 889 1306 nostrisque
912 1227 1067 1289 laboribus
1090 1228 1186 1289 adsis:

309 1316 363 1375 His
382 1333 503 1393 quoque
526 1315 580 1375 des
593 1314 744 1375 veniam.“
778 1314 855 1390 „Pro
870 1314 958 1374 nobis
972 1314 1056 1374 mitte
1071 1316 1224 1392 precari“,

227 1406 286 1461 615
310 1401 414 1479 Dictys
437 1403 486 1477 ait,
511 1419 572 1479 quo
594 1419 655 1461 non
678 1400 756 1460 alius
778 1398 984 1460 conscendere
1006 1418 1140 1460 summas

310 1486 402 1547 Ocior
424 1493 580 1547 antemnas
602 1503 774 1565 prensoque
795 1486 923 1546 rudente
945 1484 1050 1545 relabi.

310 1572 377 1633 Hoc
399 1572 498 1650 Libys,
522 1572 581 1632 hoc
604 1571 711 1646 flavus,
734 1589 842 1650 prorae
864 1570 969 1646 tutela,
993 1570 1173 1647 Melanthus,

310 1658 375 1719 Hoc
390 1658 499 1736 probat
508 1657 696 1734 Alcimedon,
714 1664 745 1717 et
760 1659 811 1735 qui
826 1658 1022 1735 requiemque
1037 1657 1226 1737 modumque

310 1744 392 1804 Voce
416 1744 511 1805 dabat
531 1745 629 1818 remis,
654 1745 820 1804 animorum
842 1743 978 1804 hortator
997 1741 1153 1821 Epopeus,

227 1834 288 1890 626
311 1829 376 1890 Hoc
399 1847 503 1890 omnes
525 1828 590 1889 alii:
614 1829 748 1906 praedae
770 1836 834 1890 tam
856 1847 952 1889 caeca
974 1828 1085 1907 cupido
1109 1836 1164 1889 est.

311 1916 399 1988 „Non
420 1922 522 1974 tamen
544 1915 624 1974 hanc
646 1933 734 1975 sacro
756 1914 862 1975 violari
884 1914 1018 1992 pondere
1040 1916 1145 1991 pinum

310 1999 477 2078 Perpetiar!
502 2000 578 2073 dixi3
602 2018 673 2077 pars
694 2000 744 2059 hic
766 1999 838 2059 mibi
859 2000 992 2060 maxima
1012 2000 1116 2059 iuris.“

310 2085 404 2164 Inque
428 2086 512 2146 aditu
534 2084 662 2159 obsisto;
685 2086 756 2145 furit
779 2085 999 2146 audacissimus
1021 2086 1101 2145 omni

311 2170 356 2231 De
377 2188 503 2231 numero
524 2169 674 2250 Lycabas,
698 2172 750 2248 qui
770 2170 872 2231 Tusca
892 2170 998 2249 pulsus
1022 2171 1060 2231 ab
1083 2171 1159 2232 urbe

227 2258 288 2315 625
311 2255 457 2317 Exsilium
479 2257 545 2317 dira
566 2274 697 2335 poenam
719 2274 773 2334 pro
798 2256 895 2317 caede
916 2255 1031 2316 luebat.

310 2341 340 2402 Is
361 2343 442 2417 mihi,
467 2342 540 2402 dum
560 2349 652 2419 resto,
676 2342 809 2402 iuvenali
830 2348 953 2419 guttura
973 2361 1073 2421 pugno

311 2428 411 2507 Rupit,
437 2434 469 2489 et
491 2446 655 2488 excussum
677 2429 808 2488 misisset
828 2429 859 2486 in
882 2445 1024 2506 aequora,
1047 2430 1156 2488 sinon

311 2514 493 2586 Haesissem,
518 2515 655 2592 quamvis
678 2531 791 2588 amens,
813 2514 845 2572 in
865 2513 937 2573 fune
959 2519 1105 2574 retentus.
1323 2566 1325 2599 :

311 2598 406 2677 Impia
420 2599 511 2659 turba
525 2599 634 2677 probat
647 2599 771 2659 iactum.
801 2598 877 2659 Tum
893 2598 1024 2677 denique
1035 2599 1187 2676 Bacchus,
1202 2632 1225 2644 -
1324 2630 1325 2633 ¹

228 2688 289 2744 630
312 2684 453 2745 Bacchus
476 2686 555 2743 enirn
576 2685 675 2744 fuerat
698 2716 719 2725 -
744 2684 837 2744 veluti
860 2684 991 2745 clamore
1013 2684 1131 2745 solutus

312 2768 357 2829 Sit
378 2788 476 2847 sopor,
502 2788 580 2846 aque
602 2787 685 2829 mero
707 2768 835 2830 redeant
855 2770 886 2829 in
907 2776 1034 2848 pectora
1055 2789 1173 2847 sensus,

312 2855 412 2929 „Quid
427 2853 547 2915 facitis‘l
562 2857 630 2932 quis
646 2854 801 2916 clamori“
814 2856 864 2929 ait,
882 2875 972 2934 „qua,
987 2855 1086 2933 dicite,
1099 2864 1224 2934 nautae,

312 2940 379 3001 Huc
402 2959 459 3018 ope
481 2939 628 3018 perveni‘l
650 2959 711 3018 quo
733 2960 781 3001 me
804 2940 922 3001 deferre
945 2941 1097 3020 paratisi“

313 3025 414 3101 „Pone
436 3026 579 3102 metum“,
603 3025 732 3087 Proreus
755 3033 805 3101 „et
828 3046 905 3105 quos
921 3028 1094 3105 contingere
1116 3035 1225 3106 portus

229 3115 288 3171 636
311 3112 374 3172 Ede
397 3111 510 3172 velis:“
533 3111 617 3184 dixit,
642 3118 743 3186 „terra
765 3114 871 3173 sistere
892 3113 1019 3191 petita.“

312 3197 472 3272 „Naxon“,
496 3198 537 3259 ait
559 3196 657 3274 Liber,
682 3217 810 3273 „cursus
834 3197 981 3258 advertite
1004 3203 1129 3258 vestros.

311 3283 367 3344 llla
388 3283 460 3343 mihi
482 3284 589 3344 domus
612 3291 671 3344 est:
696 3283 782 3345 vobis
805 3285 860 3344 erit
881 3283 1001 3361 hospita
1022 3283 1144 3343 tellus.“

311 3369 369 3430 Per
390 3388 472 3430 mare
494 3368 620 3430 fallaces
641 3388 756 3448 perque
779 3370 880 3429 omnia
899 3370 1023 3430 numina
1044 3370 1145 3429 iurant
1183 3362 1189 3377 ¹

312 3452 363 3516 Sic
386 3456 457 3531 fore,
482 3473 591 3533 meque
613 3455 718 3515 iubent
740 3456 840 3533 pictae
864 3454 936 3515 dare
958 3454 1028 3515 vela
1051 3456 1182 3516 carinae.

230 3544 289 3601 646
312 3540 445 3601 Dextera
466 3541 570 3601 Naxos
593 3546 671 3600 erat:
696 3540 804 3600 dextra
825 3539 896 3598 mibi
917 3540 1011 3601 lintea
1033 3540 1117 3600 danti

313 3625 413 3702 „Quid
420 3628 505 3701 lacis,
515 3645 533 3686 o
543 3624 761 3703 demenslquis
767 3632 798 3685 te
804 3625 886 3685 furor
897 3625 1059 3704 -‘l“inquit
1066 3625 1223 3705 Opheltes;
