2660 4224
386 247 472 318 Ceyx.
506 249 633 313 1111111,
648 251 792 304 411-111.
1046 257 1083 319 81

172 421 256 482 illius
281 429 350 483 ante
373 424 481 484 oculos
503 430 537 483 ut
561 431 651 503 agant
672 444 730 485 sua
753 426 1022 504 corporaliumne,

89 511 148 565 565
173 507 275 585 Optat,
300 515 331 567 et
353 511 500 570 exanimis
522 510 662 571 manibus
684 512 850 572 tumuletur
874 513 988 572 amicis.

172 593 251 652 Dum
273 600 365 669 natat,
392 595 557 670 absentem,
582 598 722 673 quotiens
737 598 807 656 sinit
824 597 943 657 hiscere
966 598 1086 673 fluetus,

98 702 100 706 ⁴
173 678 314 740 Nominat
334 679 503 759 Alcyonen,
527 683 661 760 ipsisque
683 684 881 744 inmurmurat
903 684 1002 743 undis.

173 763 254 823 Ecce
277 785 369 844 super
391 767 508 826 medios
530 767 643 827 fluctus
664 770 749 846 niger
772 787 862 828 arcus
886 788 1032 846 aquarum

173 849 340 927 Frangitur,
366 858 396 912 et
417 857 507 930 rupta
528 872 660 912 mersum
683 860 777 930 caput
799 852 898 914 obruit
920 855 1011 914 unde.

87 939 150 993 570
173 935 294 995 Lucifer
316 936 474 1012 obscurus,
497 955 556 997 nec
579 957 668 1015 quem
693 957 876 1016 cognoscere
900 958 1015 1016 posses,

173 1021 229 1081 Illa
250 1022 320 1082 luce
343 1024 411 1097 fuit3
436 1024 639 1100 quoniamque
663 1024 816 1083 excedere
841 1024 927 1084 eaelo

172 1107 239 1166 Non
261 1107 356 1184 licuit,
381 1109 483 1168 densis
507 1110 583 1168 texit
605 1127 662 1169 sua
683 1108 816 1169 nubibus
839 1128 902 1169 ora.

332 1301 356 1353 2.
379 1298 445 1354 Die
463 1299 847 1369 Traumerscheinung.

503 1402 534 1452 (v.
548 1399 670 1451 ore-ma.)

243 1488 286 1537 (Im
299 1488 475 1529 unmittelharen
487 1487 611 1529 1111111111
626 1497 656 1526 an
669 1487 710 1528 das
724 1488 935 1537 vorlici-gehenne.)

137 1588 213 1644 Juno
230 1589 329 1645 sendet
345 1589 433 1642 durch
445 1586 562 1643 Somnus
577 1588 627 1642 der
639 1560 779 1656 angstvoll
791 1588 948 1642 hanandon
959 1587 1085 1659 Alcyone

84 1666 141 1720 den
158 1664 318 1734 Morpheus.

218 1769 326 1848 Aeolis
347 1789 471 1862 interea,
495 1794 648 1847 tantorum
669 1790 774 1866 ignara
795 1788 951 1865 malorum,

174 1876 351 1934 Dinumeret
371 1879 491 1947 noctes;
517 1875 636 1948 etiam,
661 1892 737 1951 quas
759 1874 865 1934 induat
887 1873 946 1948 ille,

89 1965 151 2019 575
175 1961 312 2021 Festinat
332 1965 442 2028 vestes,
466 1960 526 2018 iam
549 1977 634 2036 quas,
659 1958 711 2019 ubi
733 1961 850 2020 venerit
871 1959 932 2034 ille,

172 2045 243 2125 Ipsa
264 2051 355 2124 gerat,
380 2045 554 2122 reditusque
577 2045 635 2104 sibi
657 2047 801 2123 promittit
822 2047 937 2105 inanes.

173 2131 319 2192 Omnibus
340 2130 392 2190 illa
414 2130 537 2208 quidem
560 2129 684 2207 Superis
706 2132 757 2208 pia
778 2137 847 2190 tura
868 2130 1000 2191 ferebat:

172 2217 250 2281 Ante
271 2222 373 2276 tamen
396 2222 523 2276 cunctos
545 2216 666 2275 lunonis
689 2215 803 2291 templa
826 2214 948 2274 colebat

172 2303 290 2380 Proque
313 2303 386 2375 viro,
411 2302 462 2377 qui
483 2300 586 2360 nullus
608 2306 682 2373 erat,
706 2298 849 2357 veniebat
872 2298 911 2357 ad
935 2317 1012 2371 aras,

87 2393 148 2449 580
172 2388 273 2465 thue
294 2388 372 2445 foret
394 2404 500 2461 sospes
524 2386 655 2443 coniunx
677 2403 751 2442 suus
772 2388 866 2459 utque
889 2383 1008 2458 rediret,

173 2471 308 2551 Optabat
329 2470 505 2546 nullamque
528 2469 585 2529 sihi
607 2468 781 2546 praeferret.
826 2466 865 2526 At
886 2466 929 2526 illi

172 2559 239 2618 Hoc
262 2558 300 2616 de
323 2562 368 2615 tot
389 2557 467 2614 votis
489 2559 609 2632 poterat
633 2553 804 2630 contingere
826 2551 935 2611 solum.

151 2640 154 2645 ’
172 2644 212 2704 At
234 2643 294 2703 dea
313 2650 375 2700 non
397 2639 476 2699 ultra
497 2658 551 2717 pro
574 2639 677 2698 functo
700 2643 795 2697 morte
817 2639 914 2716 rogari

173 2728 323 2802 Sustinet;
348 2732 442 2804 utque
465 2743 572 2786 manus
593 2725 728 2784 funestas
752 2730 856 2784 arceat
879 2725 953 2784 aris:

89 2818 149 2875 585
174 2815 241 2889 ,,Ι11,
265 2812 383 2886 meae“,
407 2810 490 2885 dixit,
515 2810 682 2885 „fidissima
702 2811 808 2869 nuntia
829 2811 923 2883 vocis,

172 2899 242 2958 Vise
265 2897 460 2978 soporiferam
483 2894 585 2956 Somni
607 2895 753 2955 velociter
776 2894 886 2968 aulam,

172 2984 380 3061 Exstinctique
402 2981 473 3042 iube
498 2979 606 3058 Ceycis
627 2981 757 3056 imagine
782 2980 881 3038 11111111

175 3069 297 3130 Somnia
319 3069 358 3129 ad
380 3067 537 3145 Alcyonen
555 3056 646 3125 'veros
668 3065 821 3125 narrantia
844 3064 965 3122 casus.“

173 3154 305 3215 Dixerat.
350 3154 486 3213 Induitur
507 3150 658 3211 velamina
679 3149 760 3208 mille
784 3148 919 3208 colorum

89 3247 149 3302 500
173 3239 227 3300 Iris
250 3246 289 3314 et,
314 3244 438 3299 arcuato
462 3236 581 3297 caelum
605 3235 778 3294 curvamine
801 3235 933 3310 signans,

173 3326 269 3385 Tecta
290 3326 365 3403 petit
387 3325 460 3385 iussi
481 3321 539 3382 sub
562 3339 636 3398 rupe
659 3320 785 3380 latentia
806 3320 893 3395 regis.

215 3410 268 3470 Est
289 3427 382 3486 prope
406 3407 582 3467 Cimmerios
603 3406 692 3482 longo
715 3403 863 3481 spelunca
885 3421 1018 3478 recessu,

172 3496 258 3556 Mons
281 3513 384 3567 cavus,
406 3495 504 3572 ignavi
528 3492 634 3551 domus
658 3496 688 3550 11
709 3488 878 3567 penetralia
900 3486 1011 3564 Somni,

173 3582 239 3655 Quo
261 3599 426 3657 numquam
447 3579 539 3639 radiis
562 3579 660 3637 oriens
682 3575 837 3636 mediusve
861 3573 1013 3637 cadensve

137 3698 229 3743 Bone.
245 3693 311 3735 01111,
913 3692 928 3741 6
