2660 4224
239 275 281 336 42
439 269 490 324 ino
507 268 565 323 und
582 266 725 322 Athamas.
760 265 825 321 1141.
836 265 886 331 IV,
900 266 1045 321 tar-542.

326 446 426 506 Pallor
447 445 625 522 hiempsque
648 447 751 503 tenent
772 442 834 502 late
856 441 927 502 loca
949 447 1048 516 senta,
1071 445 1217 521 novique,

326 533 394 605 Qua
415 532 454 591 sit
475 532 540 606 iter,
565 548 679 603 manes,
704 526 838 607 Stygiam
860 547 921 604 qua
944 527 1038 588 ducat
1060 528 1099 588 ad
1121 529 1246 603 urbem,

325 619 473 696 Ignorant,
497 615 551 675 ubi
573 617 612 674 sit
632 615 708 692 nigri
729 615 794 674 1414
816 614 899 691 14414
919 612 1003 673 Ditis.

325 703 406 763 Mille
430 721 529 780 capax
552 701 653 762 aditus
676 706 706 760 41
728 707 848 778 apertas
870 698 1004 777 undique
1026 706 1129 777 portas

242 795 303 850 440
326 789 404 851 Urbs
425 788 533 862 habet;
557 793 651 864 utque
673 787 783 846 fretum
805 785 843 845 de
866 790 931 845 tota
952 785 1077 846 flumina
1098 792 1190 860 14114,

327 874 378 935 Sic
401 893 506 934 omnes
528 875 643 933 animas
664 872 753 932 loeus
776 872 888 949 accipit
908 870 968 946 ille,
991 889 1050 930 neo
1072 871 1126 931 ulli

326 962 460 1038 Exiguus
482 959 595 1038 populo
619 964 665 1018 441
686 957 844 1018 turbamve
868 957 1018 1016 accedere
1039 959 1139 1017 sentit.

326 1046 434 1107 Errant
457 1064 627 1123 exsangues
649 1045 714 1104 sine
738 1061 864 1121 corpore
888 1049 918 1102 41
940 1042 1060 1102 ossibus
1082 1043 1222 1119 umbrae,

327 1132 461 1209 Parsque
483 1132 581 1192 forum
604 1130 769 1203 celebrant,
793 1147 865 1206 pars
886 1129 937 1187 imi
959 1134 1042 1188 tecta
1064 1131 1200 1209 tyranni3

243 1222 304 1278 445
327 1219 401 1277 Pars
425 1217 499 1277 alias
523 1222 611 1292 artes,
637 1217 779 1292 antiquae
801 1214 968 1274 imitamina
988 1215 1078 1288 41144,

327 1303 491 1375 Ε1414441;
517 1301 607 1361 aliam
629 1306 746 1379 partem
768 1319 826 1360 sua
846 1316 947 1376 poena
969 1306 1101 1360 coercet.

329 1386 463 1447 Sustinet
484 1389 527 1446 ire
549 1386 632 1460 illuc,
658 1385 783 1445 caelesti
804 1383 878 1444 sede
900 1384 1008 1445 relicta
1031 1416 1054 1425 -

328 1473 458 1534 Tantum
480 1473 556 1532 odiis
577 1473 702 1548 iraeque
725 1470 819 1529 dabat
843 1502 864 1511 -
889 1467 1030 1530 Saturnia
1051 1469 1135 1531 Iuno.

373 1559 439 1632 Quo
462 1558 551 1619 simul
573 1558 695 1617 intravit
716 1574 865 1632 sacroque
889 1575 908 1616 a
930 1574 1056 1634 corpore
1079 1576 1222 1635 pressum

246 1649 306 1707 450
329 1646 477 1723 Ingemuit
499 1643 604 1703 limen:
629 1643 687 1702 tria
709 1640 860 1701 Cerberus
884 1640 991 1701 extulit
1013 1660 1067 1701 414

327 1731 365 1791 Ε1
386 1737 449 1792 1144
470 1729 598 1789 14114144
620 1727 709 1788 simul
732 1727 836 1787 edidit.
880 1727 936 1788 1114
957 1746 1077 1788 4414144

328 1816 425 1876 Nocte
448 1821 539 1875 vocat
561 1815 685 1892 genitas,
710 1832 800 1891 41444
824 1819 854 1873 41
874 1813 1058 1893 inplacabile
1079 1833 1205 1875 numen.

331 1901 470 1962 Carceris
493 1906 562 1960 ante
585 1900 673 1976 14144,
698 1899 820 1959 clausas
843 1900 1012 1974 adamante,
1036 1900 1197 1976 sedebant,

329 1986 435 2063 Deque
457 1986 520 2044 suis
543 1991 624 2045 41144
646 1983 810 2062 pectebant
833 1985 968 2044 crinibus
990 2004 1113 2062 angues.

246 2072 306 2132 455
331 2072 429 2145 Quam
450 2070 539 2131 simul
562 2070 730 2147 adgncrunt
752 2071 830 2129 inter
852 2069 986 2147 caliginis
1008 2071 1141 2146 umbras,

331 2155 495 2217 Surrexere
522 2155 610 2215 deae.
654 2153 750 2215 Sedes
773 2152 930 2216 Scelerata
951 2163 1088 2216 vocatur.
1320 2210 1321 2229 ,

330 2242 454 2302 Viscera
474 2240 643 2320 praebebat
664 2240 766 2319 Tityos
787 2240 939 2318 lanianda,
962 2259 1132 2320 novemque
1320 2232 1321 2311 l

331 2328 487 2405 iugeribus
509 2327 659 2386 distentus
681 2332 756 2385 4141.
801 2325 877 2401 Tibi,
899 2327 1034 2402 Tantalo,
1057 2327 1162 2388 nullae

329 2414 563 2493 Deprenduntur
578 2431 686 2490 44444,
704 2430 843 2489 4444444
859 2413 1000 2489 imminet,
1023 2414 1126 2491 effugit
1142 2414 1245 2476 arbos.
1320 2408 1321 2419 ¹

246 2504 306 2559 460
330 2499 390 2559 Aut
412 2500 497 2578 petis,
522 2505 575 2558 aut
596 2517 706 2575 urgues
729 2498 883 2574 ruiturum,
909 2495 1045 2577 Sisyphe,
1068 2518 1188 2560 saxum.

330 2584 467 2645 Volvitur
488 2584 573 2643 Ixion
596 2590 625 2642 et
648 2603 681 2642 44
703 2584 899 2662 sequiturque
920 2584 1066 2662 fugitque.

331 2669 489 2746 Molirique
512 2671 574 2729 suis
597 2668 691 2728 letum
712 2668 901 2745 patruelibus
924 2688 1017 2729 ausae

331 2753 485 2815 Adsiduae
508 2759 656 2831 repetunt,
681 2772 758 2830 quas
779 2753 916 2830 perdant,
939 2753 1061 2814 Belides
1083 2754 1194 2816 undas.

332 2840 415 2912 Quos
438 2858 542 2899 omnes
565 2839 631 2899 4414
653 2844 815 2916 postquam
838 2837 979 2901 Saturnia
1004 2847 1091 2900 torva

247 2928 308 2985 465
331 2925 420 3001 Vidit,
445 2930 476 2984 et
499 2930 569 2984 ante
592 2942 696 2984 omnes
717 2922 831 2998 Ixiona,
854 2944 958 2985 rursus
981 2926 1093 2985 abillo

332 3009 482 3089 Sisyphon
505 3010 669 3089 aspiciens:
695 3008 779 3084 „Cur
799 3010 850 3070 hic
873 3030 889 3071 e
910 3011 1082 3085 fratribus“,
1105 3013 1212 3090 inquit,

333 3096 519 3175 „Perpetuas
541 3097 654 3174 patitur
676 3113 799 3174 poenas,
823 3094 1007 3157 Athamanta
1028 3097 1195 3175 superbum

332 3183 428 3259 Regia
450 3182 534 3241 dives
556 3181 659 3255 habet,
683 3182 735 3258 qui
756 3200 805 3240 me
829 3200 898 3242 oum
921 3183 1048 3260 coniuge
1071 3201 1191 3260 semper

333 3266 493 3346 Sprevitl“
517 3299 540 3307 -
565 3273 595 3327 41
618 3267 741 3345 exponit
764 3286 873 3328 444444
896 3266 1017 3345 odiique
1040 3268 1177 3345 viaeque,

249 3355 309 3411 170
333 3352 474 3431 Quidque
496 3352 577 3412 44111.
622 3352 710 3425 Quod
732 3351 832 3427 vellet,
858 3358 936 3413 erat:
966 3355 1111 3430 noregia
1133 3352 1243 3415 Cadmi

336 3437 445 3514 Staret,
472 3445 502 3498 et
523 3439 553 3497 in
575 3438 693 3498 facinus
714 3437 869 3498 traherent
889 3437 1073 3499 Athamanta
1094 3457 1224 3502 sorores.

332 3522 500 3601 imperium,
524 3525 679 3602 promissa,
704 3541 811 3600 preces
835 3523 991 3584 confundit
1013 3526 1043 3585 in
1065 3542 1169 3599 unum,

334 3607 544 3687 Sollicitatque
567 3608 650 3669 deas.
696 3605 747 3667 Sic
768 3608 846 3668 haec
868 3608 980 3671 Iunone
1003 3610 1116 3685 locuta,
