2660 4224
270 302 311 363 78
564 296 661 351 Midas.
696 297 760 351 Mea
773 296 822 363 XI,
834 298 962 352 85-193.

353 472 455 533 Monte
476 492 532 533 suo
554 475 654 533 senior
674 473 767 533 iudex
790 472 935 548 consedit,
961 478 991 533 et
1013 492 1103 535 aures

354 558 476 619 Liberat
498 558 669 632 arboribus,
694 576 810 636 quercu
832 576 920 617 coma
943 558 1068 621 caerula
1088 566 1211 621 tantum

356 642 499 721 Cingitur,
524 650 555 704 et
575 645 708 723 pendent
731 645 846 703 circum
869 662 946 705 cava
966 650 1105 723 tempora
1126 645 1264 723 glandes.

273 729 443 806 1601sque
466 729 557 789 deum
579 731 698 808 pecoris
719 736 872 807 spectans:
898 728 951 804 „ln
971 730 1104 806 iudice“,
1128 731 1217 806 dixit,

355 813 467 889 „Nulla
487 833 572 875 mora
595 816 670 875 est“.
717 813 848 875 Calamis
871 814 1040 892 agrestibus
1060 818 1183 876 insonat
1203 818 1263 893 ille,

355 900 579 978 Barbaricoque
601 900 702 961 Midan
725 932 747 942 -
771 901 877 961 aderat
904 918 976 960 nam
996 901 1073 961 sorte
1096 905 1220 962 canenti
1243 936 1264 946 -

357 984 495 1046 Carmine
519 986 639 1046 delenit.
683 986 756 1046 Post
775 986 857 1045 hunc
879 1003 966 1045 sacer
987 1004 1042 1046 ora
1062 988 1184 1047 retorsit

355 1071 478 1132 Tmolus
501 1072 540 1131 ad
563 1090 597 1131 os
614 1070 740 1144 Phoebi;
763 1071 880 1131 vultum
901 1090 958 1131 sua
979 1072 1056 1132 silva
1077 1079 1186 1133 secuta
1209 1082 1263 1135 est.

274 1159 332 1215 165
355 1157 418 1228 llle,
443 1164 536 1234 caput
557 1156 670 1218 flavum
691 1158 777 1217 lauro
799 1156 962 1218 Parnaside
984 1157 1113 1230 vinctae,

355 1241 453 1302 Verrit
472 1243 598 1302 humum
619 1242 706 1320 Tyrio
728 1248 864 1303 saturata
885 1243 999 1302 murice
1021 1242 1112 1319 palla,

356 1328 597 1404 Instructamque
619 1328 712 1387 fidem
734 1329 858 1404 gemmis
881 1333 911 1387 et
933 1326 1075 1388 dentibus
1096 1327 1179 1389 Indis

357 1413 491 1474 Sustinet
514 1432 532 1472 a
552 1412 649 1488 laeva,
673 1414 770 1472 tenuit
791 1431 899 1472 manus
922 1413 1018 1472 altera
1038 1413 1197 1490 plectrum.

356 1499 487 1560 Artificis
509 1504 607 1557 status
628 1499 692 1576 ipse
714 1499 779 1557 fuit.
823 1497 899 1556 Tum
920 1499 1049 1559 stamina
1071 1499 1164 1560 docto

277 1586 333 1644 170
357 1585 469 1645 Pollice
492 1583 648 1658 sollicitat;
673 1601 801 1660 quorum
823 1582 984 1643 dulcedine
1007 1590 1116 1662 captus

355 1672 440 1732 Pana
460 1669 545 1729 iubet
565 1667 688 1729 Tmolus
711 1667 844 1730 citharae
867 1668 1046 1729 submittere
1069 1687 1191 1730 cannas.

356 1757 504 1817 Iudicium
525 1756 682 1832 sanctique
704 1755 807 1832 placet
828 1755 976 1815 sententia
996 1755 1105 1815 montis

357 1841 514 1914 Omnibus3
540 1842 674 1918 arguitur
694 1846 795 1900 tamen
819 1845 910 1917 atque
931 1840 1042 1900 iniusta
1063 1848 1191 1903 vocatur

356 1926 450 1986 Unius
472 1942 610 1984 sermone
630 1925 738 1985 Midae.
782 1924 848 1990 Neo
869 1923 972 1985 Delius
994 1944 1083 1985 aures

276 2011 332 2066 175
356 2012 526 2071 Humanam
547 2009 673 2070 stolidas
695 2010 807 2087 patitur
828 2010 956 2069 retinere
978 2011 1118 2090 figuram:
1313 2062 1314 2065 ,

357 2096 419 2156 Sed
440 2095 531 2154 trabit
551 2095 582 2154 in
604 2096 734 2173 spatium
755 2093 893 2171 villisque
916 2095 1088 2171 albentibus
1110 2098 1206 2175 inplet

356 2180 575 2257 Instabilesque
597 2183 673 2240 imas
695 2180 768 2239 iacit
790 2185 820 2238 et
842 2179 895 2239 dat
916 2199 1005 2257 posse
1027 2184 1152 2242 moveri.
1313 2174 1314 2219 l

359 2267 469 2326 Cetera
490 2273 560 2325 sunt
581 2266 724 2339 bominis;
747 2271 864 2342 partem
887 2264 1047 2326 damnatur
1067 2269 1098 2326 in
1119 2288 1213 2331 unam

356 2353 552 2428 Induiturque
576 2370 664 2412 aures
685 2350 766 2410 lente
788 2350 950 2428 gradientis
973 2351 1088 2412 aselli.

277 2438 333 2495 180
399 2437 453 2497 ille
474 2437 597 2515 quidem
620 2436 708 2512 celat,
731 2438 871 2515 turpique
894 2442 1020 2497 onerata
1040 2438 1159 2515 pudore

356 2518 504 2601 Tempora
525 2524 682 2600 purpureis
704 2528 832 2600 temptat
852 2522 954 2582 velare
975 2523 1067 2583 tiaris.

357 2609 428 2684 Sed,
452 2608 556 2669 solitus
578 2608 684 2684 longos
705 2608 783 2667 ferro
805 2625 943 2667 resecare
967 2607 1101 2686 capillos,

356 2695 480 2754 Viderat
499 2694 560 2752 hoc
580 2693 720 2753 famulus.
765 2692 822 2764 Qui
845 2710 915 2751 cum
934 2710 994 2752 nec
1016 2695 1145 2772 prodere
1167 2699 1264 2759 visum
1313 2736 1314 2743 1

357 2778 498 2839 Dedecus
521 2778 655 2852 auderet,
681 2778 805 2856 cupiens
828 2778 932 2837 efferre
954 2779 1011 2838 sub
1036 2799 1135 2856 auras,

277 2864 334 2922 185
357 2864 422 2923 Nec
443 2870 547 2941 posset
568 2864 694 2923 reticere
717 2869 826 2939 tamen,
850 2862 974 2939 secedit,
998 2863 1186 2945 humumque

356 2949 467 3010 Effodit
489 2955 527 3024 et,
552 2949 663 3009 domini
685 2948 791 3026 quales
814 2949 966 3026 aspexerit
988 2969 1084 3027 aures,

357 3035 439 3095 Voce
460 3034 552 3094 refert
573 3053 668 3113 parva
689 3040 848 3112 terraeque
870 3035 1066 3097 inmurmurat
1087 3035 1232 3118 haustae;
1313 3036 1314 3103 l

357 3207 472 3282 Obruit,
498 3212 528 3265 et
549 3206 709 3265 scrobibus
730 3207 841 3265 tacitus
863 3205 993 3266 discedit
1014 3209 1135 3285 opertis.

278 3293 333 3353 100
359 3291 472 3352 Creber
492 3291 710 3352 harundinibus
731 3290 866 3350 tremulis
886 3290 928 3350 ibi
950 3311 1071 3370 surgere
1093 3293 1184 3357 lucus

358 3377 465 3456 Coepit
486 3384 525 3454 et,
549 3384 583 3437 ut
604 3378 731 3455 primum
752 3376 842 3453 pleno
864 3378 1007 3439 matumit
1030 3397 1116 3456 anno,

356 3464 491 3524 Prodidit
514 3463 683 3540 agricolam.
727 3462 800 3521 Leni
821 3479 891 3520 uam
913 3469 1012 3523 motus
1034 3465 1072 3524 ab
1096 3474 1202 3529 austro

358 3549 474 3610 Obruta
495 3548 589 3608 verba
611 3549 700 3608 refert
723 3546 893 3622 dominique
916 3550 1053 3625 coarguit
1074 3569 1174 3614 aures.

357 3121 563 3197 Indiciumque
585 3139 659 3181 suae
681 3121 766 3180 vocis
788 3119 895 3179 tellure
916 3127 1035 3197 regesta
