2660 4224
262 275 315 330 Die
332 275 486 346 Lycischen
502 277 621 331 Bauern.
657 276 721 332 Met
733 276 782 342 VI,
793 278 936 329 340-381.
1051 279 1092 341 53

99 453 160 511 345
185 451 302 512 Vimina
325 470 395 512 cum
416 453 513 512 iuncis
534 460 711 532 gratamque
733 452 896 532 paludibus
918 451 1028 512 ulvam.

185 538 333 613 Accessit,
356 540 515 616 positoque
538 557 616 617 genu
638 538 755 599 Titania
780 545 891 599 terram

186 623 307 700 Pressit,
330 630 365 684 ut
385 623 520 684 hauriret
541 624 656 703 gelidos
678 631 788 703 potura
808 624 952 702 liquores.

186 708 312 771 Rustica
333 709 424 769 turba
444 716 557 769 vetant.
601 709 667 769 Dea
688 712 731 770 sic
756 709 859 770 adlata
880 714 1030 770 vetantes:

187 795 286 870 „Quid
301 795 465 874 prohibetis
482 794 586 873 aquisl
601 815 674 856 usus
691 797 857 856 communis
873 813 1020 872 aquarum
1033 791 1093 854 estl

99 882 164 939 350
187 882 252 942 Nec
273 881 369 942 solem
391 882 543 959 proprium
563 887 674 942 natura
693 899 752 941 nec
776 885 848 941 atra
867 881 948 955 fecit,

186 967 251 1027 Nee
272 974 379 1027 tenues
401 968 509 1028 undas:
535 967 574 1026 ad
596 965 720 1043 publica
742 985 868 1026 munera
888 966 965 1025 veni.

187 1053 272 1125 Quae
286 1059 389 1114 tamen
402 1052 539 1125 uidetis,
559 1052 688 1129 supplex
709 1057 789 1130 peto.
822 1051 889 1111 Non
905 1069 960 1130 ego
974 1057 1094 1110 nostros

185 1138 317 1199 Abluere
339 1138 389 1198 hic
413 1144 495 1198 artus
517 1138 691 1215 lassataque
713 1137 849 1197 membra
870 1136 1026 1214 parabam,

186 1223 246 1285 Sed
268 1224 404 1285 relevare
427 1225 514 1283 sitim.
560 1222 652 1283 Caret
674 1242 708 1283 os
730 1241 834 1283 umore
856 1222 1014 1300 loquentis,

99 1311 162 1367 355
185 1309 222 1370 Et
243 1311 348 1371 fauces
372 1315 465 1382 arent,
488 1310 599 1387 vixque
623 1314 668 1369 est
689 1310 740 1369 via
760 1309 845 1368 vocis
867 1310 897 1368 in
918 1307 986 1368 illis.

186 1396 320 1457 Haustus
343 1414 441 1474 aquae
464 1396 535 1456 mihi
555 1401 663 1456 nectar
685 1397 748 1470 erit,
772 1396 926 1472 vitamque
948 1393 1066 1454 fatebor

185 1481 349 1560 Accepisse
371 1482 473 1555 simu13
497 1483 590 1541 vitam
612 1481 755 1541 dederitis
776 1481 806 1539 in
828 1480 920 1539 unda.

184 1568 222 1627 Hi
237 1586 358 1646 quoque
373 1586 429 1627 vos
443 1574 593 1642 moveant,
618 1567 669 1643 qui
690 1572 793 1625 nostro
808 1564 954 1625 bracchia
968 1564 1095 1623 tendunt

185 1653 283 1714 Parva
305 1652 392 1710 sinu“
416 1683 439 1691 -
463 1657 494 1709 et
517 1669 591 1710 casu
612 1649 779 1709 tendebant
799 1648 945 1708 bracchia
966 1650 1038 1709 nati.

100 1739 163 1797 360
187 1739 286 1809 Quem
306 1753 368 1794 non
388 1735 503 1794 blanda
525 1735 602 1794 deae
624 1736 792 1811 potuissent
813 1734 907 1794 verba
928 1733 1069 1794 moveret

187 1822 225 1880 Hi
246 1827 348 1880 tamen
370 1825 506 1880 orantem
527 1825 662 1897 perstant
683 1819 851 1897 prohibere,
874 1820 1040 1897 minasque,

187 1907 226 1966 Ni
247 1904 355 1984 procul
377 1905 532 1978 abscedat,
557 1906 754 1984 conviciaque
776 1907 898 1983 insuper
920 1906 1045 1966 addunt

188 1992 253 2052 Nec
275 1992 349 2051 satis
371 1997 430 2051 est:
452 1991 533 2069 ipsos
555 1992 645 2050 etiam
667 1991 857 2070 pedibusque
878 2009 1030 2069 manuque

187 2077 359 2137 Turbavere
381 2076 476 2151 lacus,
500 2077 621 2154 imoque
644 2097 660 2137 e
683 2078 798 2156 gurgite
820 2077 941 2137 mollem

101 2163 162 2223 365
186 2163 253 2222 Huc
275 2162 348 2223 illuc
369 2161 472 2222 limum
494 2162 574 2223 saltu
596 2181 718 2223 movere
740 2163 878 2240 maligno.

185 2248 307 2308 Distulit
329 2249 373 2309 ira
395 2249 486 2307 sitim:
511 2266 611 2325 neque
635 2250 714 2307 enim
734 2250 794 2308 iam
816 2248 879 2307 tilia
902 2246 975 2307 Coei

187 2333 346 2411 Supplicat
367 2333 504 2410 indignis,
527 2351 586 2392 nec
609 2334 711 2392 dicere
733 2336 861 2393 sustinet
883 2332 962 2392 ultra

185 2419 286 2479 Verba
307 2419 424 2478 minora
444 2418 517 2491 dea;
541 2417 711 2494 tollensque
734 2416 774 2476 ad
797 2416 897 2476 sidera
918 2415 1035 2494 palmas

188 2504 371 2579 „Aeternum
393 2504 529 2581 staguo“,
554 2501 638 2574 dixit,
662 2502 790 2575 „vivatis
810 2502 842 2561 in
863 2499 957 2561 istol“

100 2591 163 2649 370
186 2590 336 2651 Eveniunt
358 2593 463 2666 optata
485 2586 570 2646 deae.
614 2585 701 2646 Iuvat
722 2604 789 2646 esse
811 2586 867 2646 sub
890 2588 988 2662 undis,

186 2676 224 2737 Et
245 2674 335 2735 modo
358 2679 423 2733 tota
445 2691 523 2733 cava
544 2672 737 2750 submergere
759 2673 894 2733 membra
915 2672 1036 2753 palude,

187 2762 275 2822 Nunc
297 2759 429 2838 proferre
453 2763 553 2837 caput,
577 2777 694 2818 summo
716 2759 806 2818 modo
828 2760 943 2837 gurgite
964 2778 1047 2834 nare,

188 2845 286 2925 Saepe
309 2864 399 2923 super
420 2845 517 2922 ripam
538 2845 635 2922 stagni
658 2846 832 2920 consistere,
855 2864 948 2922 saepe

187 2934 221 2993 ln
242 2931 357 3010 gelidos
378 2930 492 2990 resilire
514 2930 610 2990 lacus.
655 2927 715 2990 Sed
744 2949 825 2990 nunc
849 2949 969 3008 quoque
992 2938 1095 3009 turpes
1117 2990 1119 2993 ,

103 3019 165 3078 375
188 3018 302 3079 Litibus
325 3022 468 3078 exercent
487 3016 616 3092 linguas,
638 3015 787 3093 pulsoque
810 3016 936 3094 pudore,
1008 3011 1093 3096 [tant.

189 3105 331 3177 Quamvis
353 3103 412 3162 sint
433 3100 490 3161 sub
511 3119 598 3178 aqua,
622 3101 679 3160 sub
696 3119 775 3178 aqua
789 3100 973 3161 maledicere
995 3108 1094 3180 temp-

188 3189 254 3249 Vox
266 3207 386 3266 quoque
397 3189 458 3247 iam
466 3205 561 3247 rauca
574 3191 628 3258 est,
644 3185 808 3263 inflataque
821 3186 901 3247 colla
912 3192 1093 3263 tumescunt,

187 3275 316 3353 Ipsaque
340 3273 467 3334 dilatant
488 3272 608 3350 patulos
632 3272 769 3331 convicia
790 3273 898 3347 rictus,

187 3361 284 3438 Terga
306 3364 398 3436 caput
419 3361 553 3435 tangunt,
577 3355 656 3416 colla
678 3357 846 3434 intercepta
866 3356 1017 3432 videntum

103 3448 167 3508 380
190 3444 282 3524 Spina
303 3445 386 3519 viret,
410 3450 523 3514 venter,
546 3461 616 3520 pars
638 3442 771 3501 maxima
793 3443 933 3520 corporis„
959 3443 1054 3519 albet;

189 3531 368 3606 Limosoque
389 3547 486 3589 novae
508 3529 620 3589 saliunt
641 3528 672 3586 in
694 3529 808 3607 gurgite
831 3547 952 3589 ranae.
