2660 4224
224 255 265 318 26
511 250 663 306 Phaethon.
698 249 811 312 110111,
826 250 933 302 1-328.

308 429 527 505 Vastarumque
549 426 632 487 videt
653 425 788 504 trepidus
808 424 971 484 simulacra
992 424 1131 483 ferarum.

228 517 286 575 105
308 514 361 575 Εο1
382 515 477 588 locus,
500 514 531 572 in
553 513 688 590 geminos
709 510 761 571 ubi
782 509 933 571 bracchia
953 513 1102 569 concavat
1129 526 1227 566 arcus

310 598 462 677 Scorpius,
485 604 516 659 et
539 597 639 658 cauda
659 597 807 674 flexisque
829 598 979 673 utrimque
1000 595 1123 655 lacertis

309 685 435 763 Porrigit
455 686 486 743 in
508 685 638 761 spatium
659 684 811 760 signorum
832 682 967 742 membra
989 680 1127 741 duorum.

310 770 397 830 Hunc
420 788 495 847 puer
516 775 559 843 ut,
581 770 657 847 nigri
678 768 833 828 madidum
855 768 966 828 sudore
988 766 1103 840 veneni,

308 855 441 916 Vulnera
463 860 589 915 curvata
609 856 794 914 minitantem
816 852 942 931 cuspide
964 852 1047 926 vidit,

227 943 288 1002 200
311 940 418 1001 Mentis
438 942 525 1018 inops
548 940 648 1019 gelida
669 940 826 1000 formidine
847 940 913 1000 lora
934 939 1056 998 remisit.

311 1027 395 1099 Quae
417 1033 578 1105 postquam
599 1044 715 1088 summo
737 1044 859 1086 sensere
880 1025 1011 1084 iacentia
1032 1028 1126 1100 tergo,

309 1112 523 1189 Exspatiantur
545 1113 623 1190 equi,
646 1111 791 1189 nulloque
812 1111 965 1170 inhibente
987 1128 1041 1188 per
1064 1125 1154 1168 auras

309 1196 431 1274 Ignotae
453 1198 580 1275 regionis
604 1204 683 1273 eunt,
708 1216 828 1274 quaque
850 1197 978 1274 impetus
1001 1196 1069 1271 egit,

311 1282 376 1343 Hac
398 1283 461 1343 sine
483 1283 550 1361 lege
572 1289 662 1342 ruunt
685 1282 807 1360 altoque
829 1281 886 1341 sub
909 1280 1031 1341 aethere
1053 1280 1122 1339 fixis

228 1371 288 1427 205
310 1369 468 1428 Incursant
489 1367 592 1442 stellis,
617 1369 797 1445 rapiuntque
818 1386 873 1445 per
896 1367 964 1426 avia
985 1382 1120 1439 currum,

310 1453 348 1513 Et
369 1454 459 1513 modo
481 1472 599 1513 summa
620 1459 735 1531 petunt,
759 1452 849 1512 modo
871 1451 1064 1529 1101110011οο
1086 1452 1218 1529 viasque

311 1539 495 1617 Praecipites
517 1540 615 1617 spatio
636 1545 735 1599 terrae
757 1539 896 1616 propiore
918 1537 1064 1597 feruntur.

311 1625 497 1702 Inferiusque
520 1626 583 1685 suis
604 1625 753 1684 fraternos
776 1642 897 1684 currere
919 1623 1005 1682 Luna

311 1709 484 1772 Admiratus
505 1729 609 1788 equos,
633 1711 833 1787 ambustaque
854 1708 959 1769 nubila
980 1709 1104 1769 sumant.

547 1878 573 1931 4.
600 1875 669 1930 Der
685 1874 913 1931 Waltbrands

379 2027 423 2078 (lm
435 2026 612 2069 unmittelbaren
624 1956 844 2069 Ahbcffissfdhss
858 2026 1063 2078 Vorhergehcndc.)

230 2138 290 2194 210
313 2111 481 2212 Oorripitur
502 2134 639 2207 flammis,
663 2141 697 2194 ut
719 2152 858 2211 quaeque
882 2132 1035 2208 altissima,
1057 2133 1157 2209 tellus,

312 2219 458 2297 Fissaque
481 2221 543 2296 agit
564 2220 655 2279 rimas
678 2226 708 2279 01
729 2220 811 2279 sucis
835 2225 899 2278 aret
922 2218 1079 2297 ademptis.

313 2305 430 2366 Pabula
452 2310 627 2380 canescunt,
652 2323 722 2364 cum
743 2305 899 2365 frondibus
921 2306 1017 2364 uritur
1039 2304 1136 2379 arbor,

313 2390 529 2469 Materiemque
551 2409 607 2451 suo
629 2390 757 2468 praebet
777 2409 865 2468 seges
888 2389 973 2450 arida
995 2390 1114 2449 damno.

312 2476 409 2536 Parva
424 2495 541 2554 queror.
578 2475 704 2554 Magnae
725 2483 851 2555 pereunt
866 2495 936 2536 cum
950 2475 1107 2536 moenibus
1120 2475 1224 2547 urbes,

230 2561 290 2620 215
314 2560 450 2639 Cumque
473 2564 535 2622 suis
556 2568 636 2622 totas
658 2562 777 2640 populis
798 2562 939 2622 incendia
961 2568 1064 2638 gentes

312 2646 346 2705 ln
369 2648 499 2707 cinerem
521 2652 650 2707 vertunt.
696 2645 796 2707 Silvae
824 2665 893 2708 cum
919 2647 1071 2707 montibus
1100 2647 1223 2709 ardent:
1315 2650 1316 2677 ¹

312 2730 405 2791 Ardet
426 2731 520 2791 Athos
541 2732 719 2810 Taurusque
742 2730 820 2792 Cilix
842 2738 872 2793 et
893 2731 1015 2792 Tmolus
1038 2738 1068 2793 et
1090 2731 1175 2808 Oete,

313 2815 434 2876 11110111
456 2818 548 2892 sicca,
571 2818 654 2894 prius
676 2817 874 2878 celeberrima
894 2817 1035 2893 tontibus,
1057 2817 1110 2877 lde

313 2901 527 2980 Virgineusque
550 2901 677 2962 Helicon
699 2910 737 2978 et,
760 2903 894 2963 nondum
913 2902 1065 2982 Oeagrius,
1082 2902 1222 2964 Haemos.

230 2989 291 3048 220
312 2987 406 3047 Ardet
427 2988 457 3046 in
479 2989 646 3049 inmensum
668 2990 824 3066 geminatis
846 2989 965 3066 ignibus
986 2988 1090 3064 Aetne,

312 3073 521 3150 Parnasusque
544 3073 649 3151 biceps
679 3079 709 3134 01
729 3072 809 3153 Eryx
837 3080 868 3134 01
890 3072 1024 3152 Cynthus
1051 3079 1081 3133 et
1102 3072 1220 3153 Othrys,

313 3157 350 3218 Et
371 3158 493 3218 tandem
514 3158 634 3218 nivibus
655 3158 803 3237 Rhodope
826 3159 966 3234 caritura,
989 3158 1155 3236 Mimasque

312 3243 520 3323 Dindymaque
536 3250 566 3304 01
580 3243 698 3322 Mycale
719 3251 873 3321 natusque·
893 3244 932 3303 ad
946 3262 1036 3304 sacra
1052 3242 1221 3305 Cithaeron.

312 3327 376 3389 Nec
397 3336 523 3407 prosunt
546 3327 688 3408 Scythiae
709 3349 766 3390 sua
786 3331 910 3407 frigora:
942 3326 1099 3391 Caucasus
1122 3329 1221 3407 ardet;

230 3414 291 3472 225
315 3413 451 3492 Ossaque
475 3432 544 3474 cum
566 3415 669 3490 Pindo,
693 3416 847 3492 maiorque
870 3414 1017 3476 ambobus
1040 3414 1194 3493 Olympus,

313 3497 479 3576 Adriaeque
501 3499 601 3578 Alpes,
627 3507 657 3561 et
677 3499 796 3560 nubifer
816 3497 1019 3577 Appenninus.
1176 3566 1180 3577 ,

355 3582 431 3644 Tum
452 3603 524 3644 vero
547 3584 703 3644 Phaethon
726 3586 843 3644 cunctis
866 3603 882 3644 e
904 3586 1040 3662 partibus
1061 3584 1166 3646 orbem
