<?xml version="1.0" encoding="UTF-8"?>
<!DOCTYPE html PUBLIC "-//W3C//DTD XHTML 1.0 Transitional//EN"
    "http://www.w3.org/TR/xhtml1/DTD/xhtml1-transitional.dtd">
<html xmlns="http://www.w3.org/1999/xhtml" xml:lang="en" lang="en">
 <head>
  <title>
</title>
<meta http-equiv="Content-Type" content="text/html;charset=utf-8" />
  <meta name='ocr-system' content='tesseract 3.04.00' />
  <meta name='ocr-capabilities' content='ocr_page ocr_carea ocr_par ocr_line ocrx_word'/>
</head>
<body>
  <div class='ocr_page' id='page_1' title='image "./lateinischedich00bonegoog_0141.png"; bbox 0 0 2660 4228; ppageno 0'>
   <div class='ocr_carea' id='block_1_1' title="bbox 266 271 1027 337">
    <p class='ocr_par' dir='ltr' id='par_1_1' title="bbox 266 271 1027 337">
     <span class='ocr_line' id='line_1_1' title="bbox 266 271 1027 337; baseline -0.014 -2"><span class='ocrx_word' id='word_1_1' title='bbox 266 272 326 335; x_wconf 81' lang='lat'>128</span> <span class='ocrx_word' id='word_1_2' title='bbox 505 273 564 327; x_wconf 87' lang='lat' dir='ltr'>Dar</span> <span class='ocrx_word' id='word_1_3' title='bbox 581 271 662 327; x_wconf 84' lang='lat' dir='ltr'>Brief</span> <span class='ocrx_word' id='word_1_4' title='bbox 677 273 719 326; x_wconf 86' lang='lat' dir='ltr'>als</span> <span class='ocrx_word' id='word_1_5' title='bbox 737 274 816 327; x_wconf 87' lang='lat' dir='ltr'>Botc.</span> <span class='ocrx_word' id='word_1_6' title='bbox 851 272 936 327; x_wconf 82' lang='lat' dir='ltr'>Trist</span> <span class='ocrx_word' id='word_1_7' title='bbox 950 271 985 337; x_wconf 92' lang='lat' dir='ltr'>V,</span> <span class='ocrx_word' id='word_1_8' title='bbox 1003 276 1027 324; x_wconf 84' lang='grc'>4.</span> 
     </span>
    </p>
   </div>
   <div class='ocr_carea' id='block_1_2' title="bbox 535 438 994 511">
    <p class='ocr_par' dir='ltr' id='par_1_2' title="bbox 535 438 994 511">
     <span class='ocr_line' id='line_1_2' title="bbox 535 438 994 511; baseline 0.007 -3"><span class='ocrx_word' id='word_1_9' title='bbox 535 438 592 509; x_wconf 82' lang='grc'>44.</span> <span class='ocrx_word' id='word_1_10' title='bbox 622 442 688 509; x_wconf 83' lang='lat' dir='ltr'>Iter</span> <span class='ocrx_word' id='word_1_11' title='bbox 709 441 806 509; x_wconf 84' lang='lat' dir='ltr'>Bricf</span> <span class='ocrx_word' id='word_1_12' title='bbox 825 441 877 508; x_wconf 85' lang='lat' dir='ltr'>als</span> <span class='ocrx_word' id='word_1_13' title='bbox 899 440 994 511; x_wconf 84' lang='lat' dir='ltr'>Buta.</span> 
     </span>
    </p>
   </div>
   <div class='ocr_carea' id='block_1_3' title="bbox 681 551 847 606">
    <p class='ocr_par' dir='ltr' id='par_1_3' title="bbox 681 551 847 606">
     <span class='ocr_line' id='line_1_3' title="bbox 681 551 847 606; baseline 0 -12"><span class='ocrx_word' id='word_1_14' title='bbox 681 553 759 604; x_wconf 62' lang='lat' dir='ltr'>(resse</span> <span class='ocrx_word' id='word_1_15' title='bbox 774 554 802 606; x_wconf 93' lang='lat' dir='ltr'>v,</span> <span class='ocrx_word' id='word_1_16' title='bbox 816 551 847 603; x_wconf 80' lang='lat' dir='ltr'>t.)</span> 
     </span>
    </p>
   </div>
   <div class='ocr_carea' id='block_1_4' title="bbox 265 644 1265 871">
    <p class='ocr_par' dir='ltr' id='par_1_4' title="bbox 265 644 1265 871">
     <span class='ocr_line' id='line_1_4' title="bbox 316 644 1265 717; baseline -0.004 -15"><span class='ocrx_word' id='word_1_17' title='bbox 316 649 403 705; x_wconf 81' lang='lat' dir='ltr'>Dicae</span> <span class='ocrx_word' id='word_1_18' title='bbox 411 648 511 717; x_wconf 78' lang='lat' dir='ltr'>Elegia</span> <span class='ocrx_word' id='word_1_19' title='bbox 523 648 561 704; x_wconf 85' lang='lat' dir='ltr'>ist</span> <span class='ocrx_word' id='word_1_20' title='bbox 573 648 664 703; x_wconf 87' lang='lat' dir='ltr'>etnam</span> <span class='ocrx_word' id='word_1_21' title='bbox 675 647 831 703; x_wconf 86' lang='lat' dir='ltr'>basonders</span> <span class='ocrx_word' id='word_1_22' title='bbox 840 653 939 703; x_wconf 86' lang='lat' dir='ltr'>tranen</span> <span class='ocrx_word' id='word_1_23' title='bbox 949 646 1008 700; x_wconf 87' lang='lat' dir='ltr'>und</span> <span class='ocrx_word' id='word_1_24' title='bbox 1017 646 1131 715; x_wconf 77' lang='lat' dir='ltr'>ttttgen</span> <span class='ocrx_word' id='word_1_25' title='bbox 1139 644 1265 700; x_wconf 80' lang='lat' dir='ltr'>Freundo</span> 
     </span>
     <span class='ocr_line' id='line_1_5' title="bbox 265 722 1265 797; baseline -0.007 -14"><span class='ocrx_word' id='word_1_26' title='bbox 265 727 429 797; x_wconf 80' lang='lat' dir='ltr'>gentdmet,</span> <span class='ocrx_word' id='word_1_27' title='bbox 448 727 512 780; x_wconf 86' lang='lat' dir='ltr'>dem</span> <span class='ocrx_word' id='word_1_28' title='bbox 529 726 580 781; x_wconf 85' lang='lat' dir='ltr'>dor</span> <span class='ocrx_word' id='word_1_29' title='bbox 596 724 726 792; x_wconf 87' lang='lat' dir='ltr'>Dichter,</span> <span class='ocrx_word' id='word_1_30' title='bbox 749 725 840 780; x_wconf 86' lang='lat' dir='ltr'>naban</span> <span class='ocrx_word' id='word_1_31' title='bbox 858 724 953 780; x_wconf 86' lang='lat' dir='ltr'>setner</span> <span class='ocrx_word' id='word_1_32' title='bbox 969 722 1069 789; x_wconf 86' lang='lat' dir='ltr'>Licha,</span> <span class='ocrx_word' id='word_1_33' title='bbox 1088 723 1152 778; x_wconf 89' lang='lat' dir='ltr'>sich</span> <span class='ocrx_word' id='word_1_34' title='bbox 1170 739 1206 777; x_wconf 79' lang='lat' dir='ltr'>ru</span> <span class='ocrx_word' id='word_1_35' title='bbox 1223 723 1265 777; x_wconf 76' lang='lat' dir='ltr'>be</span> 
     </span>
     <span class='ocr_line' id='line_1_6' title="bbox 266 800 1264 871; baseline -0.001 -13"><span class='ocrx_word' id='word_1_36' title='bbox 266 803 414 858; x_wconf 84' lang='lat' dir='ltr'>eondcram</span> <span class='ocrx_word' id='word_1_37' title='bbox 431 801 532 858; x_wconf 87' lang='lat' dir='ltr'>Danke</span> <span class='ocrx_word' id='word_1_38' title='bbox 550 802 730 871; x_wconf 85' lang='lat' dir='ltr'>verpflichtet</span> <span class='ocrx_word' id='word_1_39' title='bbox 746 801 825 868; x_wconf 84' lang='lat' dir='ltr'>tuhlt,</span> <span class='ocrx_word' id='word_1_40' title='bbox 843 802 903 856; x_wconf 91' lang='lat' dir='ltr'>und</span> <span class='ocrx_word' id='word_1_41' title='bbox 920 802 1022 856; x_wconf 87' lang='lat' dir='ltr'>dassen</span> <span class='ocrx_word' id='word_1_42' title='bbox 1043 800 1158 857; x_wconf 84' lang='lat' dir='ltr'>feruore</span> <span class='ocrx_word' id='word_1_43' title='bbox 1179 803 1264 870; x_wconf 74' lang='lat' dir='ltr'>rstigo</span> 
     </span>
    </p>
   </div>
   <div class='ocr_carea' id='block_1_5' title="bbox 265 877 1311 1031">
    <p class='ocr_par' dir='ltr' id='par_1_5' title="bbox 265 877 1311 1031">
     <span class='ocr_line' id='line_1_7' title="bbox 265 877 1265 949; baseline -0.004 -13"><span class='ocrx_word' id='word_1_44' title='bbox 265 879 465 948; x_wconf 75' lang='lat' dir='ltr'>Varnendung</span> <span class='ocrx_word' id='word_1_45' title='bbox 486 894 516 935; x_wconf 86' lang='lat' dir='ltr'>er</span> <span class='ocrx_word' id='word_1_46' title='bbox 537 879 568 934; x_wconf 87' lang='lat' dir='ltr'>in</span> <span class='ocrx_word' id='word_1_47' title='bbox 591 879 731 949; x_wconf 84' lang='lat' dir='ltr'>ansprnch</span> <span class='ocrx_word' id='word_1_48' title='bbox 752 879 858 934; x_wconf 88' lang='lat' dir='ltr'>nimmt.</span> <span class='ocrx_word' id='word_1_49' title='bbox 894 879 950 934; x_wconf 78' lang='lat' dir='ltr'>rur</span> <span class='ocrx_word' id='word_1_50' title='bbox 968 877 1067 934; x_wconf 84' lang='lat' dir='ltr'>diesen</span> <span class='ocrx_word' id='word_1_51' title='bbox 1085 878 1265 948; x_wconf 79' lang='lat' dir='ltr'>Standpunkt</span> 
     </span>
     <span class='ocr_line' id='line_1_8' title="bbox 265 951 1311 1031; baseline 0.002 -25"><span class='ocrx_word' id='word_1_52' title='bbox 265 952 372 1010; x_wconf 86' lang='lat' dir='ltr'>konnta</span> <span class='ocrx_word' id='word_1_53' title='bbox 397 957 448 1010; x_wconf 89' lang='lat' dir='ltr'>dar</span> <span class='ocrx_word' id='word_1_54' title='bbox 474 954 589 1009; x_wconf 85' lang='lat' dir='ltr'>Dichter</span> <span class='ocrx_word' id='word_1_55' title='bbox 617 953 700 1009; x_wconf 87' lang='lat' dir='ltr'>keine</span> <span class='ocrx_word' id='word_1_56' title='bbox 729 951 920 1022; x_wconf 81' lang='lat' dir='ltr'>gittcklichera</span> <span class='ocrx_word' id='word_1_57' title='bbox 947 953 1005 1007; x_wconf 89' lang='lat' dir='ltr'>und</span> <span class='ocrx_word' id='word_1_58' title='bbox 1034 953 1265 1022; x_wconf 84' lang='lat' dir='ltr'>eindriuglicherc</span> <span class='ocrx_word' id='word_1_59' title='bbox 1310 1008 1311 1031; x_wconf 58' lang='lat'>,</span> 
     </span>
    </p>
   </div>
   <div class='ocr_carea' id='block_1_6' title="bbox 265 1029 1311 1328">
    <p class='ocr_par' dir='ltr' id='par_1_6' title="bbox 265 1029 1311 1328">
     <span class='ocr_line' id='line_1_9' title="bbox 265 1029 1311 1099; baseline -0.001 -16"><span class='ocrx_word' id='word_1_60' title='bbox 265 1030 347 1084; x_wconf 83' lang='lat' dir='ltr'>Form</span> <span class='ocrx_word' id='word_1_61' title='bbox 371 1030 473 1094; x_wconf 87' lang='lat' dir='ltr'><strong>finden,</strong></span> <span class='ocrx_word' id='word_1_62' title='bbox 499 1032 551 1094; x_wconf 84' lang='lat' dir='ltr'>als,</span> <span class='ocrx_word' id='word_1_63' title='bbox 579 1031 700 1087; x_wconf 80' lang='lat' dir='ltr'>stettin</span> <span class='ocrx_word' id='word_1_64' title='bbox 724 1030 834 1098; x_wconf 87' lang='lat' dir='ltr'>aigener</span> <span class='ocrx_word' id='word_1_65' title='bbox 853 1029 959 1084; x_wconf 88' lang='lat' dir='ltr'>Person</span> <span class='ocrx_word' id='word_1_66' title='bbox 978 1046 1014 1084; x_wconf 80' lang='lat' dir='ltr'>au</span> <span class='ocrx_word' id='word_1_67' title='bbox 1034 1030 1184 1099; x_wconf 87' lang='lat' dir='ltr'>spreohen,</span> <span class='ocrx_word' id='word_1_68' title='bbox 1211 1032 1264 1086; x_wconf 87' lang='lat' dir='ltr'>sein</span> <span class='ocrx_word' id='word_1_69' title='bbox 1310 1034 1311 1095; x_wconf 67' lang='lat' dir='ltr'>t</span> 
     </span>
     <span class='ocr_line' id='line_1_10' title="bbox 266 1105 1311 1176; baseline 0 -15"><span class='ocrx_word' id='word_1_70' title='bbox 266 1105 388 1163; x_wconf 83' lang='lat' dir='ltr'>Gadicht</span> <span class='ocrx_word' id='word_1_71' title='bbox 405 1109 460 1163; x_wconf 84' lang='lat' dir='ltr'>wie</span> <span class='ocrx_word' id='word_1_72' title='bbox 479 1108 561 1163; x_wconf 83' lang='lat' dir='ltr'>sinan</span> <span class='ocrx_word' id='word_1_73' title='bbox 579 1105 776 1176; x_wconf 77' lang='lat' dir='ltr'>pcrsdnlichen</span> <span class='ocrx_word' id='word_1_74' title='bbox 793 1105 885 1160; x_wconf 88' lang='lat' dir='ltr'>Botcn</span> <span class='ocrx_word' id='word_1_75' title='bbox 903 1107 959 1160; x_wconf 90' lang='lat' dir='ltr'>und</span> <span class='ocrx_word' id='word_1_76' title='bbox 977 1106 1088 1174; x_wconf 85' lang='lat' dir='ltr'>Zeugen</span> <span class='ocrx_word' id='word_1_77' title='bbox 1106 1109 1180 1163; x_wconf 87' lang='lat' dir='ltr'>nach</span> <span class='ocrx_word' id='word_1_78' title='bbox 1198 1108 1263 1162; x_wconf 85' lang='lat' dir='ltr'>Bon</span> <span class='ocrx_word' id='word_1_79' title='bbox 1310 1118 1311 1121; x_wconf 74' lang='grc'>’</span> 
     </span>
     <span class='ocr_line' id='line_1_11' title="bbox 266 1183 1263 1254; baseline 0.001 -17"><span class='ocrx_word' id='word_1_80' title='bbox 266 1183 396 1238; x_wconf 84' lang='lat' dir='ltr'>kommen</span> <span class='ocrx_word' id='word_1_81' title='bbox 420 1186 479 1239; x_wconf 91' lang='lat' dir='ltr'>und</span> <span class='ocrx_word' id='word_1_82' title='bbox 504 1186 567 1239; x_wconf 90' lang='lat' dir='ltr'>dem</span> <span class='ocrx_word' id='word_1_83' title='bbox 584 1184 715 1239; x_wconf 81' lang='lat' dir='ltr'>Frauude</span> <span class='ocrx_word' id='word_1_84' title='bbox 737 1198 793 1239; x_wconf 86' lang='lat' dir='ltr'>von</span> <span class='ocrx_word' id='word_1_85' title='bbox 812 1183 863 1238; x_wconf 87' lang='lat' dir='ltr'>des</span> <span class='ocrx_word' id='word_1_86' title='bbox 881 1183 1013 1238; x_wconf 87' lang='lat' dir='ltr'>Dichtars</span> <span class='ocrx_word' id='word_1_87' title='bbox 1031 1185 1109 1254; x_wconf 82' lang='lat' dir='ltr'>Lage</span> <span class='ocrx_word' id='word_1_88' title='bbox 1128 1187 1186 1240; x_wconf 86' lang='lat' dir='ltr'>und</span> <span class='ocrx_word' id='word_1_89' title='bbox 1203 1186 1263 1240; x_wconf 84' lang='lat' dir='ltr'>Em-</span> 
     </span>
     <span class='ocr_line' id='line_1_12' title="bbox 265 1259 756 1328; baseline 0.004 -16"><span class='ocrx_word' id='word_1_90' title='bbox 265 1259 437 1328; x_wconf 79' lang='lat' dir='ltr'>pfindungen</span> <span class='ocrx_word' id='word_1_91' title='bbox 455 1260 585 1315; x_wconf 77' lang='lat' dir='ltr'>ornithlan</span> <span class='ocrx_word' id='word_1_92' title='bbox 603 1277 637 1313; x_wconf 83' lang='lat' dir='ltr'>zu</span> <span class='ocrx_word' id='word_1_93' title='bbox 655 1261 756 1315; x_wconf 87' lang='lat' dir='ltr'>lassen.</span> 
     </span>
    </p>
   </div>
   <div class='ocr_carea' id='block_1_7' title="bbox 289 1361 1314 3686">
    <p class='ocr_par' dir='ltr' id='par_1_7' title="bbox 289 1361 1314 3686">
     <span class='ocr_line' id='line_1_13' title="bbox 350 1361 1059 1464; baseline 0.004 -21"><span class='ocrx_word' id='word_1_94' title='bbox 350 1361 453 1444; x_wconf 82' lang='lat' dir='ltr'>litore</span> <span class='ocrx_word' id='word_1_95' title='bbox 478 1385 516 1445; x_wconf 91' lang='lat' dir='ltr'>ab</span> <span class='ocrx_word' id='word_1_96' title='bbox 538 1384 655 1445; x_wconf 88' lang='lat' dir='ltr'><strong>Euxino</strong></span> <span class='ocrx_word' id='word_1_97' title='bbox 677 1384 806 1445; x_wconf 84' lang='lat' dir='ltr'>Nasonis</span> <span class='ocrx_word' id='word_1_98' title='bbox 833 1385 961 1464; x_wconf 88' lang='lat' dir='ltr'>epistola</span> <span class='ocrx_word' id='word_1_99' title='bbox 983 1388 1059 1462; x_wconf 85' lang='lat' dir='ltr'>veni,</span> 
     </span>
     <span class='ocr_line' id='line_1_14' title="bbox 394 1469 1119 1548; baseline 0.004 -19"><span class='ocrx_word' id='word_1_100' title='bbox 394 1469 550 1548; x_wconf 82' lang='lat' dir='ltr'><strong>Lassaque</strong></span> <span class='ocrx_word' id='word_1_101' title='bbox 572 1470 655 1531; x_wconf 88' lang='lat' dir='ltr'>facta</span> <span class='ocrx_word' id='word_1_102' title='bbox 677 1471 761 1547; x_wconf 88' lang='lat' dir='ltr'>mari,</span> <span class='ocrx_word' id='word_1_103' title='bbox 784 1470 927 1548; x_wconf 89' lang='lat' dir='ltr'>lassaque</span> <span class='ocrx_word' id='word_1_104' title='bbox 950 1471 1034 1532; x_wconf 89' lang='lat' dir='ltr'>facta</span> <span class='ocrx_word' id='word_1_105' title='bbox 1055 1472 1119 1547; x_wconf 86' lang='lat' dir='ltr'>via;</span> 
     </span>
     <span class='ocr_line' id='line_1_15' title="bbox 352 1555 1260 1635; baseline 0 -19"><span class='ocrx_word' id='word_1_106' title='bbox 352 1555 409 1629; x_wconf 88' lang='lat' dir='ltr'>Qui</span> <span class='ocrx_word' id='word_1_107' title='bbox 432 1556 503 1615; x_wconf 90' lang='lat' dir='ltr'>mihi</span> <span class='ocrx_word' id='word_1_108' title='bbox 525 1555 602 1616; x_wconf 88' lang='lat' dir='ltr'>flens</span> <span class='ocrx_word' id='word_1_109' title='bbox 625 1556 714 1616; x_wconf 82' lang='lat' dir='ltr'>dixit:</span> <span class='ocrx_word' id='word_1_110' title='bbox 738 1556 812 1630; x_wconf 73' lang='lat' dir='ltr'>„Tu</span> <span class='ocrx_word' id='word_1_111' title='bbox 838 1557 888 1615; x_wconf 91' lang='lat' dir='ltr'>cui</span> <span class='ocrx_word' id='word_1_112' title='bbox 902 1556 985 1630; x_wconf 88' lang='lat' dir='ltr'>licet,</span> <span class='ocrx_word' id='word_1_113' title='bbox 1003 1559 1107 1635; x_wconf 79' lang='lat' dir='ltr'>aspice</span> <span class='ocrx_word' id='word_1_114' title='bbox 1122 1556 1260 1619; x_wconf 86' lang='lat' dir='ltr'>Romami</span> 
     </span>
     <span class='ocr_line' id='line_1_16' title="bbox 394 1640 1312 1719; baseline 0.002 -19"><span class='ocrx_word' id='word_1_115' title='bbox 394 1640 460 1701; x_wconf 89' lang='lat' dir='ltr'>Heu</span> <span class='ocrx_word' id='word_1_116' title='bbox 483 1647 596 1719; x_wconf 90' lang='lat' dir='ltr'>quanto</span> <span class='ocrx_word' id='word_1_117' title='bbox 619 1642 725 1702; x_wconf 91' lang='lat' dir='ltr'>melior</span> <span class='ocrx_word' id='word_1_118' title='bbox 746 1661 812 1702; x_wconf 89' lang='lat' dir='ltr'>sors</span> <span class='ocrx_word' id='word_1_119' title='bbox 834 1648 888 1702; x_wconf 89' lang='lat' dir='ltr'>tua</span> <span class='ocrx_word' id='word_1_120' title='bbox 910 1648 991 1702; x_wconf 87' lang='lat' dir='ltr'>sorte</span> <span class='ocrx_word' id='word_1_121' title='bbox 1014 1662 1083 1703; x_wconf 89' lang='lat' dir='ltr'>mea</span> <span class='ocrx_word' id='word_1_122' title='bbox 1106 1643 1191 1704; x_wconf 77' lang='lat' dir='ltr'>est!“</span> <span class='ocrx_word' id='word_1_123' title='bbox 1311 1714 1312 1719; x_wconf 8' lang='grc' dir='ltr'>η</span> 
     </span>
     <span class='ocr_line' id='line_1_17' title="bbox 311 1725 1261 1805; baseline 0.002 -20"><span class='ocrx_word' id='word_1_124' title='bbox 311 1730 328 1786; x_wconf 86' lang='grc'>5</span> <span class='ocrx_word' id='word_1_125' title='bbox 352 1725 443 1786; x_wconf 86' lang='lat' dir='ltr'>Flens</span> <span class='ocrx_word' id='word_1_126' title='bbox 455 1745 577 1804; x_wconf 89' lang='lat' dir='ltr'>quoque</span> <span class='ocrx_word' id='word_1_127' title='bbox 593 1746 641 1788; x_wconf 90' lang='lat' dir='ltr'>me</span> <span class='ocrx_word' id='word_1_128' title='bbox 656 1729 785 1805; x_wconf 83' lang='lat' dir='ltr'>scripsit,</span> <span class='ocrx_word' id='word_1_129' title='bbox 801 1745 868 1803; x_wconf 91' lang='lat' dir='ltr'>nec,</span> <span class='ocrx_word' id='word_1_130' title='bbox 883 1746 944 1805; x_wconf 91' lang='lat' dir='ltr'>qua</span> <span class='ocrx_word' id='word_1_131' title='bbox 955 1729 1105 1805; x_wconf 82' lang='lat' dir='ltr'>signabar,</span> <span class='ocrx_word' id='word_1_132' title='bbox 1120 1730 1160 1788; x_wconf 90' lang='lat' dir='ltr'>ad</span> <span class='ocrx_word' id='word_1_133' title='bbox 1172 1748 1206 1790; x_wconf 91' lang='lat' dir='ltr'>os</span> <span class='ocrx_word' id='word_1_134' title='bbox 1221 1738 1261 1789; x_wconf 90' lang='lat' dir='ltr'>est</span> 
     </span>
     <span class='ocr_line' id='line_1_18' title="bbox 394 1810 1173 1892; baseline 0.003 -20"><span class='ocrx_word' id='word_1_135' title='bbox 394 1810 482 1881; x_wconf 83' lang='lat' dir='ltr'>Ante,</span> <span class='ocrx_word' id='word_1_136' title='bbox 506 1813 560 1873; x_wconf 86' lang='lat' dir='ltr'>sed</span> <span class='ocrx_word' id='word_1_137' title='bbox 585 1813 624 1872; x_wconf 91' lang='lat' dir='ltr'>ad</span> <span class='ocrx_word' id='word_1_138' title='bbox 645 1813 786 1873; x_wconf 90' lang='lat' dir='ltr'>madidas</span> <span class='ocrx_word' id='word_1_139' title='bbox 810 1832 929 1889; x_wconf 86' lang='lat' dir='ltr'>gemma</span> <span class='ocrx_word' id='word_1_140' title='bbox 950 1813 1047 1873; x_wconf 90' lang='lat' dir='ltr'>relata</span> <span class='ocrx_word' id='word_1_141' title='bbox 1069 1832 1173 1892; x_wconf 85' lang='lat' dir='ltr'>genas.</span> 
     </span>
     <span class='ocr_line' id='line_1_19' title="bbox 352 1896 1153 1977; baseline 0.004 -20"><span class='ocrx_word' id='word_1_142' title='bbox 352 1896 502 1957; x_wconf 86' lang='lat' dir='ltr'>Tristitiae</span> <span class='ocrx_word' id='word_1_143' title='bbox 526 1916 650 1957; x_wconf 90' lang='lat' dir='ltr'>oausam</span> <span class='ocrx_word' id='word_1_144' title='bbox 672 1899 697 1957; x_wconf 92' lang='lat' dir='ltr'>si</span> <span class='ocrx_word' id='word_1_145' title='bbox 720 1899 788 1976; x_wconf 88' lang='lat' dir='ltr'>quis</span> <span class='ocrx_word' id='word_1_146' title='bbox 811 1916 996 1976; x_wconf 78' lang='lat' dir='ltr'>cognoscere</span> <span class='ocrx_word' id='word_1_147' title='bbox 1019 1901 1153 1977; x_wconf 88' lang='lat' dir='ltr'>quaerit:</span> 
     </span>
     <span class='ocr_line' id='line_1_20' title="bbox 395 1980 962 2061; baseline 0.005 -20"><span class='ocrx_word' id='word_1_148' title='bbox 395 1980 522 2042; x_wconf 78' lang='lat' dir='ltr'>Ostendi</span> <span class='ocrx_word' id='word_1_149' title='bbox 544 1983 640 2043; x_wconf 86' lang='lat' dir='ltr'>solem</span> <span class='ocrx_word' id='word_1_150' title='bbox 661 1983 796 2061; x_wconf 89' lang='lat' dir='ltr'>postulat</span> <span class='ocrx_word' id='word_1_151' title='bbox 817 1983 868 2043; x_wconf 93' lang='lat' dir='ltr'>ille</span> <span class='ocrx_word' id='word_1_152' title='bbox 891 1983 962 2058; x_wconf 79' lang='lat' dir='ltr'>sihi3</span> 
     </span>
     <span class='ocr_line' id='line_1_21' title="bbox 352 2067 1314 2159; baseline 0.005 -32"><span class='ocrx_word' id='word_1_153' title='bbox 352 2067 417 2127; x_wconf 87' lang='lat' dir='ltr'>Nec</span> <span class='ocrx_word' id='word_1_154' title='bbox 439 2067 577 2127; x_wconf 85' lang='lat' dir='ltr'>frondem</span> <span class='ocrx_word' id='word_1_155' title='bbox 598 2069 629 2127; x_wconf 88' lang='lat' dir='ltr'>in</span> <span class='ocrx_word' id='word_1_156' title='bbox 651 2067 743 2143; x_wconf 89' lang='lat' dir='ltr'>silvis,</span> <span class='ocrx_word' id='word_1_157' title='bbox 765 2087 823 2129; x_wconf 90' lang='lat' dir='ltr'>nec</span> <span class='ocrx_word' id='word_1_158' title='bbox 847 2075 951 2146; x_wconf 88' lang='lat' dir='ltr'>aperto</span> <span class='ocrx_word' id='word_1_159' title='bbox 973 2069 1077 2130; x_wconf 91' lang='lat' dir='ltr'>mollia</span> <span class='ocrx_word' id='word_1_160' title='bbox 1099 2078 1187 2148; x_wconf 91' lang='lat' dir='ltr'>prato</span> <span class='ocrx_word' id='word_1_161' title='bbox 1313 2108 1314 2159; x_wconf 60' lang='lat' dir='ltr'>p</span> 
     </span>
     <span class='ocr_line' id='line_1_22' title="bbox 292 2152 1139 2233; baseline 0.007 -22"><span class='ocrx_word' id='word_1_162' title='bbox 292 2156 329 2212; x_wconf 90' lang='lat'>10</span> <span class='ocrx_word' id='word_1_163' title='bbox 396 2152 545 2228; x_wconf 87' lang='lat' dir='ltr'>Gramina,</span> <span class='ocrx_word' id='word_1_164' title='bbox 568 2171 626 2213; x_wconf 88' lang='lat' dir='ltr'>nec</span> <span class='ocrx_word' id='word_1_165' title='bbox 648 2154 738 2232; x_wconf 88' lang='lat' dir='ltr'>pleno</span> <span class='ocrx_word' id='word_1_166' title='bbox 761 2153 883 2214; x_wconf 89' lang='lat' dir='ltr'>flumine</span> <span class='ocrx_word' id='word_1_167' title='bbox 907 2156 1003 2214; x_wconf 86' lang='lat' dir='ltr'>cernit</span> <span class='ocrx_word' id='word_1_168' title='bbox 1026 2174 1139 2233; x_wconf 81' lang='lat' dir='ltr'>aquus3</span> 
     </span>
     <span class='ocr_line' id='line_1_23' title="bbox 353 2236 1188 2319; baseline 0.005 -21"><span class='ocrx_word' id='word_1_169' title='bbox 353 2237 432 2311; x_wconf 88' lang='lat' dir='ltr'>Quid</span> <span class='ocrx_word' id='word_1_170' title='bbox 454 2236 591 2299; x_wconf 84' lang='lat' dir='ltr'>Priamus</span> <span class='ocrx_word' id='word_1_171' title='bbox 614 2239 724 2315; x_wconf 89' lang='lat' dir='ltr'>doleat,</span> <span class='ocrx_word' id='word_1_172' title='bbox 748 2239 913 2316; x_wconf 85' lang='lat' dir='ltr'>mirabitur,</span> <span class='ocrx_word' id='word_1_173' title='bbox 937 2239 1068 2301; x_wconf 88' lang='lat' dir='ltr'>Hectore</span> <span class='ocrx_word' id='word_1_174' title='bbox 1091 2248 1188 2319; x_wconf 89' lang='lat' dir='ltr'>rapto,</span> 
     </span>
     <span class='ocr_line' id='line_1_24' title="bbox 395 2323 1136 2405; baseline 0 -21"><span class='ocrx_word' id='word_1_175' title='bbox 395 2323 513 2396; x_wconf 88' lang='lat' dir='ltr'>Quidve</span> <span class='ocrx_word' id='word_1_176' title='bbox 535 2323 720 2385; x_wconf 84' lang='lat' dir='ltr'>Philoctetes</span> <span class='ocrx_word' id='word_1_177' title='bbox 741 2326 821 2385; x_wconf 91' lang='lat' dir='ltr'>ictus</span> <span class='ocrx_word' id='word_1_178' title='bbox 844 2323 883 2385; x_wconf 92' lang='lat' dir='ltr'>ab</span> <span class='ocrx_word' id='word_1_179' title='bbox 907 2344 1004 2403; x_wconf 78' lang='lat' dir='ltr'>angue</span> <span class='ocrx_word' id='word_1_180' title='bbox 1027 2334 1136 2405; x_wconf 85' lang='lat' dir='ltr'>gemat.</span> 
     </span>
     <span class='ocr_line' id='line_1_25' title="bbox 352 2408 1144 2487; baseline 0.003 -17"><span class='ocrx_word' id='word_1_181' title='bbox 352 2408 389 2470; x_wconf 88' lang='lat' dir='ltr'>Di</span> <span class='ocrx_word' id='word_1_182' title='bbox 411 2409 547 2470; x_wconf 84' lang='lat' dir='ltr'>iacerent</span> <span class='ocrx_word' id='word_1_183' title='bbox 568 2411 691 2486; x_wconf 86' lang='lat' dir='ltr'>utinam,</span> <span class='ocrx_word' id='word_1_184' title='bbox 716 2410 785 2470; x_wconf 91' lang='lat' dir='ltr'>talis</span> <span class='ocrx_word' id='word_1_185' title='bbox 807 2416 905 2471; x_wconf 89' lang='lat' dir='ltr'>status</span> <span class='ocrx_word' id='word_1_186' title='bbox 928 2417 1009 2472; x_wconf 89' lang='lat' dir='ltr'>esset</span> <span class='ocrx_word' id='word_1_187' title='bbox 1030 2413 1061 2470; x_wconf 91' lang='lat' dir='ltr'>in</span> <span class='ocrx_word' id='word_1_188' title='bbox 1083 2411 1144 2487; x_wconf 92' lang='lat' dir='ltr'>illo,</span> 
     </span>
     <span class='ocr_line' id='line_1_26' title="bbox 394 2494 1059 2557; baseline 0.002 -3"><span class='ocrx_word' id='word_1_189' title='bbox 394 2494 434 2555; x_wconf 90' lang='lat' dir='ltr'>Ut</span> <span class='ocrx_word' id='word_1_190' title='bbox 454 2513 516 2555; x_wconf 90' lang='lat' dir='ltr'>non</span> <span class='ocrx_word' id='word_1_191' title='bbox 537 2496 675 2556; x_wconf 88' lang='lat' dir='ltr'>tristitiae</span> <span class='ocrx_word' id='word_1_192' title='bbox 702 2513 797 2556; x_wconf 91' lang='lat' dir='ltr'>causa</span> <span class='ocrx_word' id='word_1_193' title='bbox 819 2496 951 2557; x_wconf 89' lang='lat' dir='ltr'>dolenda</span> <span class='ocrx_word' id='word_1_194' title='bbox 972 2496 1059 2557; x_wconf 90' lang='lat' dir='ltr'>foret.</span> 
     </span>
     <span class='ocr_line' id='line_1_27' title="bbox 292 2579 1176 2659; baseline 0.006 -21"><span class='ocrx_word' id='word_1_195' title='bbox 292 2582 329 2638; x_wconf 82' lang='lat'>15</span> <span class='ocrx_word' id='word_1_196' title='bbox 352 2579 424 2640; x_wconf 85' lang='lat' dir='ltr'>Fert</span> <span class='ocrx_word' id='word_1_197' title='bbox 446 2587 557 2654; x_wconf 89' lang='lat' dir='ltr'>tamen,</span> <span class='ocrx_word' id='word_1_198' title='bbox 581 2587 615 2640; x_wconf 91' lang='lat' dir='ltr'>ut</span> <span class='ocrx_word' id='word_1_199' title='bbox 637 2581 737 2655; x_wconf 86' lang='lat' dir='ltr'>dehet,</span> <span class='ocrx_word' id='word_1_200' title='bbox 762 2599 852 2640; x_wconf 90' lang='lat' dir='ltr'>casus</span> <span class='ocrx_word' id='word_1_201' title='bbox 874 2583 1024 2659; x_wconf 85' lang='lat' dir='ltr'>patienter</span> <span class='ocrx_word' id='word_1_202' title='bbox 1047 2601 1176 2656; x_wconf 88' lang='lat' dir='ltr'>amaros,</span> 
     </span>
     <span class='ocr_line' id='line_1_28' title="bbox 394 2662 1067 2745; baseline 0.004 -21"><span class='ocrx_word' id='word_1_203' title='bbox 394 2662 478 2725; x_wconf 77' lang='lat' dir='ltr'>More</span> <span class='ocrx_word' id='word_1_204' title='bbox 498 2683 557 2725; x_wconf 88' lang='lat' dir='ltr'>nec</span> <span class='ocrx_word' id='word_1_205' title='bbox 579 2666 715 2725; x_wconf 84' lang='lat' dir='ltr'>indomiti</span> <span class='ocrx_word' id='word_1_206' title='bbox 736 2666 822 2727; x_wconf 85' lang='lat' dir='ltr'>frena</span> <span class='ocrx_word' id='word_1_207' title='bbox 843 2675 964 2727; x_wconf 88' lang='lat' dir='ltr'>recusat</span> <span class='ocrx_word' id='word_1_208' title='bbox 987 2669 1067 2745; x_wconf 87' lang='lat' dir='ltr'>equi.</span> 
     </span>
     <span class='ocr_line' id='line_1_29' title="bbox 352 2749 1167 2830; baseline 0.004 -20"><span class='ocrx_word' id='word_1_209' title='bbox 352 2749 417 2810; x_wconf 90' lang='lat' dir='ltr'>Nec</span> <span class='ocrx_word' id='word_1_210' title='bbox 439 2750 503 2809; x_wconf 81' lang='lat' dir='ltr'>tore</span> <span class='ocrx_word' id='word_1_211' title='bbox 525 2757 705 2829; x_wconf 88' lang='lat' dir='ltr'>perpetuam</span> <span class='ocrx_word' id='word_1_212' title='bbox 728 2757 829 2830; x_wconf 88' lang='lat' dir='ltr'>sperat</span> <span class='ocrx_word' id='word_1_213' title='bbox 851 2753 908 2812; x_wconf 91' lang='lat' dir='ltr'>sibi</span> <span class='ocrx_word' id='word_1_214' title='bbox 929 2754 1060 2813; x_wconf 89' lang='lat' dir='ltr'>numinis</span> <span class='ocrx_word' id='word_1_215' title='bbox 1081 2754 1167 2827; x_wconf 73' lang='lat' dir='ltr'>uam,</span> 
     </span>
     <span class='ocr_line' id='line_1_30' title="bbox 398 2832 1107 2915; baseline 0.007 -21"><span class='ocrx_word' id='word_1_216' title='bbox 398 2832 555 2909; x_wconf 85' lang='lat' dir='ltr'>Conscius,</span> <span class='ocrx_word' id='word_1_217' title='bbox 578 2838 608 2896; x_wconf 90' lang='lat' dir='ltr'>in</span> <span class='ocrx_word' id='word_1_218' title='bbox 632 2836 723 2915; x_wconf 89' lang='lat' dir='ltr'>culpa</span> <span class='ocrx_word' id='word_1_219' title='bbox 744 2855 805 2897; x_wconf 93' lang='lat' dir='ltr'>non</span> <span class='ocrx_word' id='word_1_220' title='bbox 827 2836 929 2898; x_wconf 91' lang='lat' dir='ltr'>scelus</span> <span class='ocrx_word' id='word_1_221' title='bbox 951 2857 1019 2899; x_wconf 89' lang='lat' dir='ltr'>esse</span> <span class='ocrx_word' id='word_1_222' title='bbox 1041 2856 1107 2899; x_wconf 85' lang='lat' dir='ltr'>sua.</span> 
     </span>
     <span class='ocr_line' id='line_1_31' title="bbox 353 2919 1151 2999; baseline 0.006 -19"><span class='ocrx_word' id='word_1_223' title='bbox 353 2919 451 2999; x_wconf 86' lang='lat' dir='ltr'>Saepe</span> <span class='ocrx_word' id='word_1_224' title='bbox 473 2921 575 2995; x_wconf 85' lang='lat' dir='ltr'>refert,</span> <span class='ocrx_word' id='word_1_225' title='bbox 598 2922 636 2981; x_wconf 92' lang='lat' dir='ltr'>sit</span> <span class='ocrx_word' id='word_1_226' title='bbox 659 2928 774 2999; x_wconf 91' lang='lat' dir='ltr'>quanta</span> <span class='ocrx_word' id='word_1_227' title='bbox 796 2924 845 2983; x_wconf 92' lang='lat' dir='ltr'>dei</span> <span class='ocrx_word' id='word_1_228' title='bbox 868 2923 1039 2999; x_wconf 89' lang='lat' dir='ltr'>clementia,</span> <span class='ocrx_word' id='word_1_229' title='bbox 1063 2925 1151 2986; x_wconf 88' lang='lat' dir='ltr'>euius</span> 
     </span>
     <span class='ocr_line' id='line_1_32' title="bbox 289 3004 1139 3086; baseline 0.006 -22"><span class='ocrx_word' id='word_1_230' title='bbox 289 3008 329 3065; x_wconf 80' lang='lat'>20</span> <span class='ocrx_word' id='word_1_231' title='bbox 395 3004 434 3066; x_wconf 88' lang='lat' dir='ltr'>Se</span> <span class='ocrx_word' id='word_1_232' title='bbox 458 3024 579 3084; x_wconf 88' lang='lat' dir='ltr'>quoque</span> <span class='ocrx_word' id='word_1_233' title='bbox 601 3008 632 3066; x_wconf 92' lang='lat' dir='ltr'>in</span> <span class='ocrx_word' id='word_1_234' title='bbox 655 3006 802 3086; x_wconf 82' lang='lat' dir='ltr'>exemplis</span> <span class='ocrx_word' id='word_1_235' title='bbox 824 3008 1022 3069; x_wconf 88' lang='lat' dir='ltr'>adnumerare</span> <span class='ocrx_word' id='word_1_236' title='bbox 1044 3010 1139 3084; x_wconf 90' lang='lat' dir='ltr'>solet;</span> 
     </span>
     <span class='ocr_line' id='line_1_33' title="bbox 352 3092 1258 3171; baseline 0.006 -19"><span class='ocrx_word' id='word_1_237' title='bbox 352 3092 438 3165; x_wconf 89' lang='lat' dir='ltr'>Nam,</span> <span class='ocrx_word' id='word_1_238' title='bbox 463 3093 545 3169; x_wconf 89' lang='lat' dir='ltr'>quod</span> <span class='ocrx_word' id='word_1_239' title='bbox 560 3110 635 3170; x_wconf 90' lang='lat' dir='ltr'>opes</span> <span class='ocrx_word' id='word_1_240' title='bbox 657 3099 761 3154; x_wconf 90' lang='lat' dir='ltr'>teneat</span> <span class='ocrx_word' id='word_1_241' title='bbox 781 3094 904 3170; x_wconf 90' lang='lat' dir='ltr'>patrias,</span> <span class='ocrx_word' id='word_1_242' title='bbox 929 3095 1011 3171; x_wconf 90' lang='lat' dir='ltr'>quod</span> <span class='ocrx_word' id='word_1_243' title='bbox 1033 3096 1158 3156; x_wconf 91' lang='lat' dir='ltr'>nomina</span> <span class='ocrx_word' id='word_1_244' title='bbox 1182 3096 1258 3169; x_wconf 85' lang='lat' dir='ltr'>civis,</span> 
     </span>
     <span class='ocr_line' id='line_1_34' title="bbox 394 3176 1181 3255; baseline 0.005 -19"><span class='ocrx_word' id='word_1_245' title='bbox 394 3176 531 3254; x_wconf 90' lang='lat' dir='ltr'>Denique</span> <span class='ocrx_word' id='word_1_246' title='bbox 554 3177 635 3255; x_wconf 87' lang='lat' dir='ltr'>quod</span> <span class='ocrx_word' id='word_1_247' title='bbox 658 3178 754 3237; x_wconf 87' lang='lat' dir='ltr'>vivat:</span> <span class='ocrx_word' id='word_1_248' title='bbox 779 3197 888 3238; x_wconf 90' lang='lat' dir='ltr'>munus</span> <span class='ocrx_word' id='word_1_249' title='bbox 909 3179 1024 3240; x_wconf 89' lang='lat' dir='ltr'>habere</span> <span class='ocrx_word' id='word_1_250' title='bbox 1046 3181 1105 3241; x_wconf 90' lang='lat' dir='ltr'>dei.</span> <span class='ocrx_word' id='word_1_251' title='bbox 1178 3193 1181 3196; x_wconf 83' lang='grc'><strong><em>’</em></strong></span> 
     </span>
     <span class='ocr_line' id='line_1_35' title="bbox 351 3261 1137 3340; baseline 0.006 -19"><span class='ocrx_word' id='word_1_252' title='bbox 351 3261 394 3322; x_wconf 79' lang='lat' dir='ltr'>Te</span> <span class='ocrx_word' id='word_1_253' title='bbox 416 3269 526 3335; x_wconf 87' lang='lat' dir='ltr'>tamen,</span> <span class='ocrx_word' id='word_1_254' title='bbox 551 3281 578 3336; x_wconf 91' lang='lat'>0,</span> <span class='ocrx_word' id='word_1_255' title='bbox 602 3264 722 3340; x_wconf 87' lang='lat' dir='ltr'>siquid</span> <span class='ocrx_word' id='word_1_256' title='bbox 746 3264 846 3324; x_wconf 88' lang='lat' dir='ltr'>credis</span> <span class='ocrx_word' id='word_1_257' title='bbox 868 3264 949 3338; x_wconf 90' lang='lat' dir='ltr'>mihi,</span> <span class='ocrx_word' id='word_1_258' title='bbox 974 3266 1072 3325; x_wconf 84' lang='lat' dir='ltr'>carior</span> <span class='ocrx_word' id='word_1_259' title='bbox 1092 3266 1137 3327; x_wconf 90' lang='lat' dir='ltr'>illi</span> 
     </span>
     <span class='ocr_line' id='line_1_36' title="bbox 396 3340 1109 3427; baseline 0.001 -20"><span class='ocrx_word' id='word_1_260' title='bbox 396 3340 552 3422; x_wconf 86' lang='lat' dir='ltr'>Omnibus,</span> <span class='ocrx_word' id='word_1_261' title='bbox 575 3348 606 3407; x_wconf 93' lang='lat' dir='ltr'>in</span> <span class='ocrx_word' id='word_1_262' title='bbox 627 3354 691 3409; x_wconf 93' lang='lat' dir='ltr'>toto</span> <span class='ocrx_word' id='word_1_263' title='bbox 714 3355 838 3427; x_wconf 87' lang='lat' dir='ltr'>pectore</span> <span class='ocrx_word' id='word_1_264' title='bbox 860 3368 981 3427; x_wconf 88' lang='lat' dir='ltr'>semper</span> <span class='ocrx_word' id='word_1_265' title='bbox 1001 3351 1109 3411; x_wconf 91' lang='lat' dir='ltr'>hahet:</span> 
     </span>
     <span class='ocr_line' id='line_1_37' title="bbox 289 3429 1188 3515; baseline 0.009 -25"><span class='ocrx_word' id='word_1_266' title='bbox 289 3433 328 3490; x_wconf 82' lang='lat'>25</span> <span class='ocrx_word' id='word_1_267' title='bbox 352 3432 456 3509; x_wconf 86' lang='lat' dir='ltr'>Teque</span> <span class='ocrx_word' id='word_1_268' title='bbox 478 3432 697 3508; x_wconf 89' lang='lat' dir='ltr'>Menoetiaden,</span> <span class='ocrx_word' id='word_1_269' title='bbox 722 3441 762 3508; x_wconf 89' lang='lat' dir='ltr'>te,</span> <span class='ocrx_word' id='word_1_270' title='bbox 786 3435 838 3511; x_wconf 88' lang='lat' dir='ltr'>qui</span> <span class='ocrx_word' id='word_1_271' title='bbox 862 3436 1022 3496; x_wconf 87' lang='lat' dir='ltr'>comitatus</span> <span class='ocrx_word' id='word_1_272' title='bbox 1046 3429 1188 3515; x_wconf 88' lang='lat' dir='ltr'>Oresten,</span> 
     </span>
     <span class='ocr_line' id='line_1_38' title="bbox 394 3517 1072 3597; baseline 0.006 -22"><span class='ocrx_word' id='word_1_273' title='bbox 394 3517 437 3577; x_wconf 85' lang='lat' dir='ltr'>Te</span> <span class='ocrx_word' id='word_1_274' title='bbox 459 3524 550 3578; x_wconf 90' lang='lat' dir='ltr'>vocat</span> <span class='ocrx_word' id='word_1_275' title='bbox 570 3517 706 3596; x_wconf 84' lang='lat' dir='ltr'>Aegiden</span> <span class='ocrx_word' id='word_1_276' title='bbox 727 3519 951 3597; x_wconf 81' lang='lat' dir='ltr'>Euryalumque</span> <span class='ocrx_word' id='word_1_277' title='bbox 974 3541 1072 3581; x_wconf 91' lang='lat' dir='ltr'>suum.</span> 
     </span>
     <span class='ocr_line' id='line_1_39' title="bbox 352 3602 1202 3686; baseline 0.008 -24"><span class='ocrx_word' id='word_1_278' title='bbox 352 3602 417 3662; x_wconf 90' lang='lat' dir='ltr'>Nec</span> <span class='ocrx_word' id='word_1_279' title='bbox 439 3604 568 3680; x_wconf 85' lang='lat' dir='ltr'>patriam</span> <span class='ocrx_word' id='word_1_280' title='bbox 590 3605 685 3679; x_wconf 82' lang='lat' dir='ltr'>magis</span> <span class='ocrx_word' id='word_1_281' title='bbox 707 3603 757 3663; x_wconf 89' lang='lat' dir='ltr'>ille</span> <span class='ocrx_word' id='word_1_282' title='bbox 780 3622 868 3664; x_wconf 91' lang='lat' dir='ltr'>suam</span> <span class='ocrx_word' id='word_1_283' title='bbox 891 3605 1044 3667; x_wconf 88' lang='lat' dir='ltr'>desiderat</span> <span class='ocrx_word' id='word_1_284' title='bbox 1066 3613 1097 3666; x_wconf 90' lang='lat' dir='ltr'>et</span> <span class='ocrx_word' id='word_1_285' title='bbox 1120 3627 1202 3686; x_wconf 88' lang='lat' dir='ltr'>quae</span> 
     </span>
    </p>
   </div>
   <div class='ocr_carea' id='block_1_8' title="bbox 0 0 1336 4228">
    <p class='ocr_par' dir='ltr' id='par_1_8' title="bbox 0 0 1336 4228">
     <span class='ocr_line' id='line_1_40' title="bbox 0 0 1336 4228; baseline 0 0"><span class='ocrx_word' id='word_1_286' title='bbox 0 0 1336 4228; x_wconf 95' lang='lat' dir='ltr'> </span> 
     </span>
    </p>
   </div>
  </div>
 </body>
</html>
