<?xml version="1.0" encoding="UTF-8"?>
<!DOCTYPE html PUBLIC "-//W3C//DTD XHTML 1.0 Transitional//EN"
    "http://www.w3.org/TR/xhtml1/DTD/xhtml1-transitional.dtd">
<html xmlns="http://www.w3.org/1999/xhtml" xml:lang="en" lang="en">
 <head>
  <title>
</title>
<meta http-equiv="Content-Type" content="text/html;charset=utf-8" />
  <meta name='ocr-system' content='tesseract 3.04.00' />
  <meta name='ocr-capabilities' content='ocr_page ocr_carea ocr_par ocr_line ocrx_word'/>
</head>
<body>
  <div class='ocr_page' id='page_1' title='image "./lateinischedich00bonegoog_0065.png"; bbox 0 0 2660 4224; ppageno 0'>
   <div class='ocr_carea' id='block_1_1' title="bbox 239 263 1074 341">
    <p class='ocr_par' dir='ltr' id='par_1_1' title="bbox 239 263 1074 341">
     <span class='ocr_line' id='line_1_1' title="bbox 239 263 1074 341; baseline -0.006 -18"><span class='ocrx_word' id='word_1_1' title='bbox 239 272 280 333; x_wconf 81' lang='lat'>52</span> <span class='ocrx_word' id='word_1_2' title='bbox 397 267 451 322; x_wconf 89' lang='lat' dir='ltr'>Die</span> <span class='ocrx_word' id='word_1_3' title='bbox 468 265 621 341; x_wconf 73' lang='lat' dir='ltr'>Lysisehen</span> <span class='ocrx_word' id='word_1_4' title='bbox 638 266 755 319; x_wconf 86' lang='lat' dir='ltr'>Bausm.</span> <span class='ocrx_word' id='word_1_5' title='bbox 791 264 855 318; x_wconf 82' lang='lat' dir='ltr'>liet</span> <span class='ocrx_word' id='word_1_6' title='bbox 866 263 917 326; x_wconf 88' lang='lat' dir='ltr'>VI,</span> <span class='ocrx_word' id='word_1_7' title='bbox 930 264 1074 318; x_wconf 77' lang='grc'><strong>340-381.</strong></span> 
     </span>
    </p>
   </div>
   <div class='ocr_carea' id='block_1_2' title="bbox 240 441 1320 2225">
    <p class='ocr_par' dir='ltr' id='par_1_2' title="bbox 257 441 1320 691">
     <span class='ocr_line' id='line_1_2' title="bbox 257 441 1031 518; baseline -0.004 -16"><span class='ocrx_word' id='word_1_8' title='bbox 257 467 259 473; x_wconf 62' lang='grc'><em>’</em></span> <span class='ocrx_word' id='word_1_9' title='bbox 323 442 436 518; x_wconf 76' lang='lat' dir='ltr'>Altera,</span> <span class='ocrx_word' id='word_1_10' title='bbox 459 441 550 501; x_wconf 86' lang='lat' dir='ltr'>solari</span> <span class='ocrx_word' id='word_1_11' title='bbox 572 443 712 501; x_wconf 82' lang='lat' dir='ltr'><strong>miseram</strong></span> <span class='ocrx_word' id='word_1_12' title='bbox 735 447 845 500; x_wconf 84' lang='lat' dir='ltr'>conata</span> <span class='ocrx_word' id='word_1_13' title='bbox 866 446 1031 518; x_wconf 89' lang='lat' dir='ltr'>parentem,</span> 
     </span>
     <span class='ocr_line' id='line_1_3' title="bbox 326 526 1320 605; baseline 0 -18"><span class='ocrx_word' id='word_1_14' title='bbox 326 526 476 588; x_wconf 85' lang='lat' dir='ltr'>Conticuit</span> <span class='ocrx_word' id='word_1_15' title='bbox 498 526 597 587; x_wconf 90' lang='lat' dir='ltr'>subito</span> <span class='ocrx_word' id='word_1_16' title='bbox 621 526 837 605; x_wconf 79' lang='lat' dir='ltr'>duplicataque</span> <span class='ocrx_word' id='word_1_17' title='bbox 859 526 983 586; x_wconf 85' lang='lat' dir='ltr'>vulnere</span> <span class='ocrx_word' id='word_1_18' title='bbox 1007 544 1102 585; x_wconf 81' lang='lat' dir='ltr'>caece</span> <span class='ocrx_word' id='word_1_19' title='bbox 1127 532 1185 602; x_wconf 89' lang='lat' dir='ltr'>est,</span> <span class='ocrx_word' id='word_1_20' title='bbox 1223 564 1225 567; x_wconf 88' lang='lat'><em>·</em></span> <span class='ocrx_word' id='word_1_21' title='bbox 1319 528 1320 533; x_wconf 74' lang='grc'>’</span> 
     </span>
     <span class='ocr_line' id='line_1_4' title="bbox 325 540 1320 691; baseline -0.003 -18"><span class='ocrx_word' id='word_1_22' title='bbox 325 612 445 691; x_wconf 79' lang='lat' dir='ltr'>Oraque</span> <span class='ocrx_word' id='word_1_23' title='bbox 467 631 528 672; x_wconf 89' lang='lat' dir='ltr'>non</span> <span class='ocrx_word' id='word_1_24' title='bbox 550 613 672 690; x_wconf 81' lang='lat' dir='ltr'>pressit,¹</span> <span class='ocrx_word' id='word_1_25' title='bbox 689 613 747 671; x_wconf 94' lang='lat' dir='ltr'>nisi</span> <span class='ocrx_word' id='word_1_26' title='bbox 768 617 929 690; x_wconf 80' lang='lat' dir='ltr'><strong>postquam</strong></span> <span class='ocrx_word' id='word_1_27' title='bbox 951 612 1072 688; x_wconf 86' lang='lat' dir='ltr'>spiritus</span> <span class='ocrx_word' id='word_1_28' title='bbox 1095 613 1169 671; x_wconf 85' lang='lat' dir='ltr'>exit.</span> <span class='ocrx_word' id='word_1_29' title='bbox 1317 540 1320 677; x_wconf 82' lang='lat' dir='ltr'>l</span> 
     </span>
    </p>

    <p class='ocr_par' dir='ltr' id='par_1_3' title="bbox 240 696 1133 860">
     <span class='ocr_line' id='line_1_5' title="bbox 240 696 1067 775; baseline -0.004 -17"><span class='ocrx_word' id='word_1_30' title='bbox 240 701 301 758; x_wconf 76' lang='lat'>295</span> <span class='ocrx_word' id='word_1_31' title='bbox 324 699 408 758; x_wconf 78' lang='lat' dir='ltr'>Haeo</span> <span class='ocrx_word' id='word_1_32' title='bbox 430 699 540 757; x_wconf 84' lang='lat' dir='ltr'>frustra</span> <span class='ocrx_word' id='word_1_33' title='bbox 561 698 680 775; x_wconf 85' lang='lat' dir='ltr'><strong>fugiens</strong></span> <span class='ocrx_word' id='word_1_34' title='bbox 703 696 874 771; x_wconf 79' lang='lat' dir='ltr'>collabitur3</span> <span class='ocrx_word' id='word_1_35' title='bbox 898 696 951 755; x_wconf 90' lang='lat' dir='ltr'>illa</span> <span class='ocrx_word' id='word_1_36' title='bbox 972 697 1067 756; x_wconf 88' lang='lat' dir='ltr'>sorori</span> 
     </span>
     <span class='ocr_line' id='line_1_6' title="bbox 324 781 1133 860; baseline -0.002 -18"><span class='ocrx_word' id='word_1_37' title='bbox 324 783 497 857; x_wconf 82' lang='lat' dir='ltr'>Inmeritur3</span> <span class='ocrx_word' id='word_1_38' title='bbox 521 783 596 843; x_wconf 85' lang='lat' dir='ltr'>latet</span> <span class='ocrx_word' id='word_1_39' title='bbox 617 783 704 858; x_wconf 84' lang='lat' dir='ltr'>haee,</span> <span class='ocrx_word' id='word_1_40' title='bbox 726 781 809 841; x_wconf 88' lang='lat' dir='ltr'>illam</span> <span class='ocrx_word' id='word_1_41' title='bbox 830 782 982 860; x_wconf 87' lang='lat' dir='ltr'>trepidare</span> <span class='ocrx_word' id='word_1_42' title='bbox 1004 781 1133 841; x_wconf 84' lang='lat' dir='ltr'>videres.</span> 
     </span>
    </p>

    <p class='ocr_par' dir='ltr' id='par_1_4' title="bbox 324 867 1204 1118">
     <span class='ocr_line' id='line_1_7' title="bbox 325 867 1111 946; baseline -0.004 -17"><span class='ocrx_word' id='word_1_43' title='bbox 325 867 447 946; x_wconf 79' lang='lat' dir='ltr'>Sexque</span> <span class='ocrx_word' id='word_1_44' title='bbox 470 869 548 928; x_wconf 86' lang='lat' dir='ltr'>datis</span> <span class='ocrx_word' id='word_1_45' title='bbox 569 869 630 929; x_wconf 89' lang='lat' dir='ltr'>leto</span> <span class='ocrx_word' id='word_1_46' title='bbox 655 869 834 945; x_wconf 84' lang='lat' dir='ltr'>diversaque</span> <span class='ocrx_word' id='word_1_47' title='bbox 856 867 983 927; x_wconf 85' lang='lat' dir='ltr'>vulnera</span> <span class='ocrx_word' id='word_1_48' title='bbox 1004 868 1111 945; x_wconf 75' lang='lat' dir='ltr'>passiS,</span> 
     </span>
     <span class='ocr_line' id='line_1_8' title="bbox 324 954 1090 1032; baseline -0.005 -17"><span class='ocrx_word' id='word_1_49' title='bbox 324 954 435 1015; x_wconf 85' lang='lat' dir='ltr'>Ultima</span> <span class='ocrx_word' id='word_1_50' title='bbox 456 955 604 1029; x_wconf 80' lang='lat' dir='ltr'>restabat;</span> <span class='ocrx_word' id='word_1_51' title='bbox 636 972 727 1032; x_wconf 86' lang='lat' dir='ltr'>quam</span> <span class='ocrx_word' id='word_1_52' title='bbox 749 959 813 1014; x_wconf 86' lang='lat' dir='ltr'>tote</span> <span class='ocrx_word' id='word_1_53' title='bbox 837 971 963 1031; x_wconf 75' lang='lat' dir='ltr'>corpore</span> <span class='ocrx_word' id='word_1_54' title='bbox 985 957 1090 1027; x_wconf 79' lang='lat' dir='ltr'>mater,</span> 
     </span>
     <span class='ocr_line' id='line_1_9' title="bbox 324 1036 1204 1118; baseline -0.002 -18"><span class='ocrx_word' id='word_1_55' title='bbox 324 1040 401 1100; x_wconf 85' lang='lat' dir='ltr'>Tota</span> <span class='ocrx_word' id='word_1_56' title='bbox 422 1047 506 1100; x_wconf 85' lang='lat' dir='ltr'>veste</span> <span class='ocrx_word' id='word_1_57' title='bbox 528 1047 648 1118; x_wconf 80' lang='lat' dir='ltr'>tegens:</span> <span class='ocrx_word' id='word_1_58' title='bbox 674 1038 791 1115; x_wconf 86' lang='lat' dir='ltr'>„Unam</span> <span class='ocrx_word' id='word_1_59' title='bbox 812 1039 1025 1115; x_wconf 85' lang='lat' dir='ltr'>minimamque</span> <span class='ocrx_word' id='word_1_60' title='bbox 1047 1036 1204 1116; x_wconf 81' lang='lat' dir='ltr'>relinquet</span> 
     </span>
    </p>

    <p class='ocr_par' dir='ltr' id='par_1_5' title="bbox 242 1123 1241 1372">
     <span class='ocr_line' id='line_1_10' title="bbox 242 1123 1212 1204; baseline -0.002 -20"><span class='ocrx_word' id='word_1_61' title='bbox 242 1127 302 1184; x_wconf 85' lang='grc'>300</span> <span class='ocrx_word' id='word_1_62' title='bbox 325 1125 369 1186; x_wconf 92' lang='lat' dir='ltr'>De</span> <span class='ocrx_word' id='word_1_63' title='bbox 391 1126 492 1186; x_wconf 87' lang='lat' dir='ltr'>multis</span> <span class='ocrx_word' id='word_1_64' title='bbox 514 1127 667 1185; x_wconf 83' lang='lat' dir='ltr'>minimam</span> <span class='ocrx_word' id='word_1_65' title='bbox 688 1125 812 1204; x_wconf 86' lang='lat' dir='ltr'>poseo“,</span> <span class='ocrx_word' id='word_1_66' title='bbox 838 1123 989 1197; x_wconf 82' lang='lat' dir='ltr'>clamavit,</span> <span class='ocrx_word' id='word_1_67' title='bbox 1012 1131 1064 1198; x_wconf 93' lang='lat' dir='ltr'>„et</span> <span class='ocrx_word' id='word_1_68' title='bbox 1086 1125 1212 1183; x_wconf 83' lang='lat' dir='ltr'>unam.“</span> 
     </span>
     <span class='ocr_line' id='line_1_11' title="bbox 323 1207 1241 1289; baseline -0.001 -20"><span class='ocrx_word' id='word_1_69' title='bbox 323 1210 463 1288; x_wconf 87' lang='lat' dir='ltr'>Dumque</span> <span class='ocrx_word' id='word_1_70' title='bbox 478 1217 573 1288; x_wconf 85' lang='lat' dir='ltr'>rogat,</span> <span class='ocrx_word' id='word_1_71' title='bbox 596 1230 651 1289; x_wconf 86' lang='lat' dir='ltr'>pro</span> <span class='ocrx_word' id='word_1_72' title='bbox 667 1229 728 1288; x_wconf 87' lang='lat' dir='ltr'>qua</span> <span class='ocrx_word' id='word_1_73' title='bbox 741 1215 835 1287; x_wconf 78' lang='lat' dir='ltr'>rogat,</span> <span class='ocrx_word' id='word_1_74' title='bbox 860 1209 982 1269; x_wconf 79' lang='lat' dir='ltr'>oceidit.</span> <span class='ocrx_word' id='word_1_75' title='bbox 1020 1207 1103 1269; x_wconf 88' lang='lat' dir='ltr'>Orba</span> <span class='ocrx_word' id='word_1_76' title='bbox 1122 1208 1241 1270; x_wconf 81' lang='lat' dir='ltr'>resedit</span> 
     </span>
     <span class='ocr_line' id='line_1_12' title="bbox 324 1295 1052 1372; baseline -0.001 -17"><span class='ocrx_word' id='word_1_77' title='bbox 324 1295 486 1355; x_wconf 83' lang='lat' dir='ltr'>Exanimes</span> <span class='ocrx_word' id='word_1_78' title='bbox 507 1297 584 1356; x_wconf 90' lang='lat' dir='ltr'>inter</span> <span class='ocrx_word' id='word_1_79' title='bbox 605 1302 693 1355; x_wconf 89' lang='lat' dir='ltr'>natos</span> <span class='ocrx_word' id='word_1_80' title='bbox 715 1301 864 1372; x_wconf 82' lang='lat' dir='ltr'>natasque</span> <span class='ocrx_word' id='word_1_81' title='bbox 886 1296 1052 1372; x_wconf 84' lang='lat' dir='ltr'>virumque,</span> 
     </span>
    </p>

    <p class='ocr_par' dir='ltr' id='par_1_6' title="bbox 324 1379 1188 1542">
     <span class='ocr_line' id='line_1_13' title="bbox 324 1379 1162 1459; baseline 0 -19"><span class='ocrx_word' id='word_1_82' title='bbox 324 1380 511 1459; x_wconf 81' lang='lat' dir='ltr'>Diriguitque</span> <span class='ocrx_word' id='word_1_83' title='bbox 533 1381 630 1439; x_wconf 87' lang='lat' dir='ltr'>malis.</span> <span class='ocrx_word' id='word_1_84' title='bbox 675 1380 783 1440; x_wconf 86' lang='lat' dir='ltr'>Nullos</span> <span class='ocrx_word' id='word_1_85' title='bbox 804 1385 906 1439; x_wconf 85' lang='lat' dir='ltr'>movet</span> <span class='ocrx_word' id='word_1_86' title='bbox 929 1398 1003 1439; x_wconf 88' lang='lat' dir='ltr'>aura</span> <span class='ocrx_word' id='word_1_87' title='bbox 1025 1379 1162 1458; x_wconf 80' lang='lat' dir='ltr'>capillos,</span> 
     </span>
     <span class='ocr_line' id='line_1_14' title="bbox 324 1465 1188 1542; baseline -0.002 -16"><span class='ocrx_word' id='word_1_88' title='bbox 324 1466 358 1526; x_wconf 89' lang='lat' dir='ltr'>ln</span> <span class='ocrx_word' id='word_1_89' title='bbox 380 1466 467 1526; x_wconf 87' lang='lat' dir='ltr'>vultu</span> <span class='ocrx_word' id='word_1_90' title='bbox 490 1465 574 1526; x_wconf 82' lang='lat' dir='ltr'>color</span> <span class='ocrx_word' id='word_1_91' title='bbox 597 1466 727 1526; x_wconf 88' lang='lat' dir='ltr'>estsine</span> <span class='ocrx_word' id='word_1_92' title='bbox 750 1466 905 1542; x_wconf 87' lang='lat' dir='ltr'>sanguine,</span> <span class='ocrx_word' id='word_1_93' title='bbox 928 1465 1042 1525; x_wconf 92' lang='lat' dir='ltr'>lumina</span> <span class='ocrx_word' id='word_1_94' title='bbox 1064 1466 1188 1525; x_wconf 87' lang='lat' dir='ltr'>maestis</span> 
     </span>
    </p>

    <p class='ocr_par' dir='ltr' id='par_1_7' title="bbox 242 1550 1167 1801">
     <span class='ocr_line' id='line_1_15' title="bbox 242 1550 1167 1629; baseline -0.002 -17"><span class='ocrx_word' id='word_1_95' title='bbox 242 1555 303 1612; x_wconf 83' lang='grc'>305</span> <span class='ocrx_word' id='word_1_96' title='bbox 327 1550 414 1612; x_wconf 86' lang='lat' dir='ltr'>Stant</span> <span class='ocrx_word' id='word_1_97' title='bbox 435 1553 550 1611; x_wconf 85' lang='lat' dir='ltr'>inmota</span> <span class='ocrx_word' id='word_1_98' title='bbox 571 1552 668 1629; x_wconf 78' lang='lat' dir='ltr'>genis3</span> <span class='ocrx_word' id='word_1_99' title='bbox 690 1550 764 1610; x_wconf 91' lang='lat' dir='ltr'>nihil</span> <span class='ocrx_word' id='word_1_100' title='bbox 787 1556 832 1610; x_wconf 85' lang='lat' dir='ltr'>est</span> <span class='ocrx_word' id='word_1_101' title='bbox 854 1552 884 1610; x_wconf 94' lang='lat' dir='ltr'>in</span> <span class='ocrx_word' id='word_1_102' title='bbox 906 1551 1033 1628; x_wconf 83' lang='lat' dir='ltr'>imagine</span> <span class='ocrx_word' id='word_1_103' title='bbox 1056 1552 1167 1611; x_wconf 84' lang='lat' dir='ltr'>vivum.</span> 
     </span>
     <span class='ocr_line' id='line_1_16' title="bbox 325 1635 1126 1715; baseline -0.001 -19"><span class='ocrx_word' id='word_1_104' title='bbox 325 1638 394 1715; x_wconf 88' lang='lat' dir='ltr'>Ipsa</span> <span class='ocrx_word' id='word_1_105' title='bbox 416 1656 538 1715; x_wconf 86' lang='lat' dir='ltr'>qunque</span> <span class='ocrx_word' id='word_1_106' title='bbox 560 1638 685 1697; x_wconf 87' lang='lat' dir='ltr'>interius</span> <span class='ocrx_word' id='word_1_107' title='bbox 708 1655 778 1696; x_wconf 84' lang='lat' dir='ltr'>eum</span> <span class='ocrx_word' id='word_1_108' title='bbox 800 1636 875 1696; x_wconf 87' lang='lat' dir='ltr'>duro</span> <span class='ocrx_word' id='word_1_109' title='bbox 898 1635 1001 1713; x_wconf 78' lang='lat' dir='ltr'>lingua</span> <span class='ocrx_word' id='word_1_110' title='bbox 1022 1637 1126 1714; x_wconf 84' lang='lat' dir='ltr'>palato</span> 
     </span>
     <span class='ocr_line' id='line_1_17' title="bbox 327 1721 1082 1801; baseline -0.001 -20"><span class='ocrx_word' id='word_1_111' title='bbox 327 1721 482 1801; x_wconf 84' lang='lat' dir='ltr'>Congelat,</span> <span class='ocrx_word' id='word_1_112' title='bbox 508 1728 538 1782; x_wconf 86' lang='lat' dir='ltr'>et</span> <span class='ocrx_word' id='word_1_113' title='bbox 558 1741 655 1783; x_wconf 84' lang='lat' dir='ltr'>venae</span> <span class='ocrx_word' id='word_1_114' title='bbox 678 1722 826 1782; x_wconf 80' lang='lat' dir='ltr'>desistunt</span> <span class='ocrx_word' id='word_1_115' title='bbox 847 1740 937 1800; x_wconf 87' lang='lat' dir='ltr'>posse</span> <span class='ocrx_word' id='word_1_116' title='bbox 960 1722 1082 1782; x_wconf 85' lang='lat' dir='ltr'>moveri.</span> 
     </span>
    </p>

    <p class='ocr_par' dir='ltr' id='par_1_8' title="bbox 325 1807 1238 1971">
     <span class='ocr_line' id='line_1_18' title="bbox 325 1807 1165 1884; baseline 0.001 -17"><span class='ocrx_word' id='word_1_117' title='bbox 325 1808 391 1867; x_wconf 86' lang='lat' dir='ltr'>Nee</span> <span class='ocrx_word' id='word_1_118' title='bbox 414 1807 496 1868; x_wconf 81' lang='lat' dir='ltr'>flecti</span> <span class='ocrx_word' id='word_1_119' title='bbox 520 1809 631 1882; x_wconf 83' lang='lat' dir='ltr'>cervix,</span> <span class='ocrx_word' id='word_1_120' title='bbox 654 1826 712 1868; x_wconf 83' lang='lat' dir='ltr'>nes</span> <span class='ocrx_word' id='word_1_121' title='bbox 735 1807 881 1868; x_wconf 79' lang='lat' dir='ltr'>bracchia</span> <span class='ocrx_word' id='word_1_122' title='bbox 902 1807 1030 1867; x_wconf 89' lang='lat' dir='ltr'>reddere</span> <span class='ocrx_word' id='word_1_123' title='bbox 1053 1813 1165 1884; x_wconf 82' lang='lat' dir='ltr'>gestus,</span> 
     </span>
     <span class='ocr_line' id='line_1_19' title="bbox 325 1892 1238 1971; baseline 0.003 -19"><span class='ocrx_word' id='word_1_124' title='bbox 325 1892 391 1952; x_wconf 82' lang='lat' dir='ltr'>Nee</span> <span class='ocrx_word' id='word_1_125' title='bbox 412 1912 467 1970; x_wconf 86' lang='lat' dir='ltr'>pes</span> <span class='ocrx_word' id='word_1_126' title='bbox 488 1895 531 1952; x_wconf 90' lang='lat' dir='ltr'>ire</span> <span class='ocrx_word' id='word_1_127' title='bbox 553 1898 665 1971; x_wconf 82' lang='lat' dir='ltr'>potest3</span> <span class='ocrx_word' id='word_1_128' title='bbox 689 1894 769 1954; x_wconf 80' lang='lat' dir='ltr'>intra</span> <span class='ocrx_word' id='word_1_129' title='bbox 784 1911 906 1970; x_wconf 87' lang='lat' dir='ltr'>quoque</span> <span class='ocrx_word' id='word_1_130' title='bbox 920 1894 1040 1953; x_wconf 76' lang='lat' dir='ltr'>viscera</span> <span class='ocrx_word' id='word_1_131' title='bbox 1057 1912 1166 1953; x_wconf 87' lang='lat' dir='ltr'>saxum</span> <span class='ocrx_word' id='word_1_132' title='bbox 1182 1900 1238 1955; x_wconf 77' lang='lat' dir='ltr'>est</span> 
     </span>
    </p>

    <p class='ocr_par' dir='ltr' id='par_1_9' title="bbox 242 1976 1240 2225">
     <span class='ocr_line' id='line_1_20' title="bbox 242 1976 1152 2052; baseline 0.002 -16"><span class='ocrx_word' id='word_1_133' title='bbox 242 1981 303 2036; x_wconf 85' lang='grc'>310</span> <span class='ocrx_word' id='word_1_134' title='bbox 326 1976 394 2037; x_wconf 87' lang='lat' dir='ltr'>Flet</span> <span class='ocrx_word' id='word_1_135' title='bbox 416 1983 526 2052; x_wconf 87' lang='lat' dir='ltr'>tamen,</span> <span class='ocrx_word' id='word_1_136' title='bbox 551 1984 581 2037; x_wconf 91' lang='lat' dir='ltr'>et</span> <span class='ocrx_word' id='word_1_137' title='bbox 602 1977 695 2038; x_wconf 84' lang='lat' dir='ltr'>validi</span> <span class='ocrx_word' id='word_1_138' title='bbox 718 1979 907 2038; x_wconf 81' lang='lat' dir='ltr'>circumdata</span> <span class='ocrx_word' id='word_1_139' title='bbox 928 1977 1048 2038; x_wconf 84' lang='lat' dir='ltr'>turbine</span> <span class='ocrx_word' id='word_1_140' title='bbox 1069 1980 1152 2038; x_wconf 84' lang='lat' dir='ltr'>venti</span> 
     </span>
     <span class='ocr_line' id='line_1_21' title="bbox 325 2062 1230 2140; baseline 0.003 -19"><span class='ocrx_word' id='word_1_141' title='bbox 325 2062 359 2121; x_wconf 89' lang='lat' dir='ltr'>In</span> <span class='ocrx_word' id='word_1_142' title='bbox 380 2064 508 2139; x_wconf 84' lang='lat' dir='ltr'>patriam</span> <span class='ocrx_word' id='word_1_143' title='bbox 530 2069 617 2140; x_wconf 85' lang='lat' dir='ltr'>rapta</span> <span class='ocrx_word' id='word_1_144' title='bbox 640 2069 694 2122; x_wconf 82' lang='lat' dir='ltr'>est.</span> <span class='ocrx_word' id='word_1_145' title='bbox 738 2063 783 2122; x_wconf 92' lang='lat' dir='ltr'>Ibi</span> <span class='ocrx_word' id='word_1_146' title='bbox 805 2064 867 2122; x_wconf 89' lang='lat' dir='ltr'>fixa</span> <span class='ocrx_word' id='word_1_147' title='bbox 890 2064 1049 2123; x_wconf 79' lang='lat' dir='ltr'>eacumina</span> <span class='ocrx_word' id='word_1_148' title='bbox 1071 2066 1181 2124; x_wconf 86' lang='lat' dir='ltr'>montis</span> <span class='ocrx_word' id='word_1_149' title='bbox 1223 2062 1230 2071; x_wconf 72' lang='grc'><em>”</em></span> 
     </span>
     <span class='ocr_line' id='line_1_22' title="bbox 326 2147 1240 2225; baseline 0.007 -19"><span class='ocrx_word' id='word_1_150' title='bbox 326 2147 472 2225; x_wconf 84' lang='lat' dir='ltr'>Liquitur,</span> <span class='ocrx_word' id='word_1_151' title='bbox 501 2154 531 2208; x_wconf 85' lang='lat' dir='ltr'>et</span> <span class='ocrx_word' id='word_1_152' title='bbox 553 2147 694 2209; x_wconf 83' lang='lat' dir='ltr'>lacrimas</span> <span class='ocrx_word' id='word_1_153' title='bbox 717 2149 807 2208; x_wconf 83' lang='lat' dir='ltr'>etiam</span> <span class='ocrx_word' id='word_1_154' title='bbox 828 2166 910 2208; x_wconf 89' lang='lat' dir='ltr'>nune</span> <span class='ocrx_word' id='word_1_155' title='bbox 932 2167 1082 2210; x_wconf 89' lang='lat' dir='ltr'>marmora</span> <span class='ocrx_word' id='word_1_156' title='bbox 1103 2157 1240 2212; x_wconf 85' lang='lat' dir='ltr'>manant.</span> 
     </span>
    </p>
   </div>
   <div class='ocr_carea' id='block_1_3' title="bbox 240 2295 1320 2984">
    <p class='ocr_par' dir='ltr' id='par_1_10' title="bbox 240 2295 1320 2984">
     <span class='ocr_line' id='line_1_23' title="bbox 292 2295 1242 2366; baseline 0.005 -17"><span class='ocrx_word' id='word_1_157' title='bbox 292 2295 371 2350; x_wconf 67' lang='lat' dir='ltr'>Nae·</span> <span class='ocrx_word' id='word_1_158' title='bbox 388 2295 484 2350; x_wconf 77' lang='lat' dir='ltr'>diesem</span> <span class='ocrx_word' id='word_1_159' title='bbox 501 2295 628 2366; x_wconf 73' lang='lat' dir='ltr'>Eraiqm&#39;s</span> <span class='ocrx_word' id='word_1_160' title='bbox 645 2297 731 2349; x_wconf 82' lang='lat' dir='ltr'>wollte</span> <span class='ocrx_word' id='word_1_161' title='bbox 747 2314 809 2349; x_wconf 79' lang='lat' dir='ltr'>man</span> <span class='ocrx_word' id='word_1_162' title='bbox 826 2298 896 2350; x_wconf 76' lang='lat' dir='ltr'>well</span> <span class='ocrx_word' id='word_1_163' title='bbox 917 2297 959 2350; x_wconf 75' lang='lat' dir='ltr'>die</span> <span class='ocrx_word' id='word_1_164' title='bbox 976 2297 1083 2352; x_wconf 77' lang='lat' dir='ltr'>Latona</span> <span class='ocrx_word' id='word_1_165' title='bbox 1105 2299 1162 2352; x_wconf 78' lang='lat' dir='ltr'>und</span> <span class='ocrx_word' id='word_1_166' title='bbox 1183 2300 1242 2354; x_wconf 68' lang='lat' dir='ltr'>altre</span> 
     </span>
     <span class='ocr_line' id='line_1_24' title="bbox 243 2371 1243 2443; baseline 0.004 -17"><span class='ocrx_word' id='word_1_167' title='bbox 243 2373 382 2443; x_wconf 70' lang='lat' dir='ltr'>Zwillinqe</span> <span class='ocrx_word' id='word_1_168' title='bbox 402 2374 473 2438; x_wconf 82' lang='lat' dir='ltr'>(alae</span> <span class='ocrx_word' id='word_1_169' title='bbox 496 2374 547 2427; x_wconf 80' lang='lat' dir='ltr'>den</span> <span class='ocrx_word' id='word_1_170' title='bbox 568 2374 681 2426; x_wconf 64' lang='grc'><strong>0000000</strong></span> <span class='ocrx_word' id='word_1_171' title='bbox 701 2371 828 2443; x_wconf 61' lang='lat' dir='ltr'>quaeqae</span> <span class='ocrx_word' id='word_1_172' title='bbox 849 2372 1048 2443; x_wconf 75' lang='lat' dir='ltr'>Apollode&#39;euat)</span> <span class='ocrx_word' id='word_1_173' title='bbox 1069 2375 1162 2439; x_wconf 68' lang='lat' dir='ltr'>alerem</span> <span class='ocrx_word' id='word_1_174' title='bbox 1185 2378 1243 2430; x_wconf 79' lang='lat' dir='ltr'>und</span> 
     </span>
     <span class='ocr_line' id='line_1_25' title="bbox 240 2449 1242 2523; baseline 0.003 -20"><span class='ocrx_word' id='word_1_175' title='bbox 240 2468 302 2503; x_wconf 80' lang='lat' dir='ltr'>man</span> <span class='ocrx_word' id='word_1_176' title='bbox 320 2451 434 2504; x_wconf 75' lang='lat' dir='ltr'>erzddlie</span> <span class='ocrx_word' id='word_1_177' title='bbox 450 2450 506 2504; x_wconf 72' lang='lat' dir='ltr'>siclt</span> <span class='ocrx_word' id='word_1_178' title='bbox 522 2468 584 2515; x_wconf 78' lang='lat' dir='ltr'>nura,</span> <span class='ocrx_word' id='word_1_179' title='bbox 607 2450 658 2503; x_wconf 78' lang='lat' dir='ltr'>wie</span> <span class='ocrx_word' id='word_1_180' title='bbox 675 2468 702 2503; x_wconf 84' lang='lat' dir='ltr'>es</span> <span class='ocrx_word' id='word_1_181' title='bbox 718 2467 751 2503; x_wconf 79' lang='lat' dir='ltr'>zu</span> <span class='ocrx_word' id='word_1_182' title='bbox 773 2449 912 2520; x_wconf 71' lang='lat' dir='ltr'>yeachelten</span> <span class='ocrx_word' id='word_1_183' title='bbox 930 2452 1030 2523; x_wconf 74' lang='lat' dir='ltr'>pfleyi,</span> <span class='ocrx_word' id='word_1_184' title='bbox 1055 2452 1121 2505; x_wconf 70' lang='lat' dir='ltr'>atiel·</span> <span class='ocrx_word' id='word_1_185' title='bbox 1137 2454 1242 2506; x_wconf 43' lang='lat' dir='ltr'>*andero</span> 
     </span>
     <span class='ocr_line' id='line_1_26' title="bbox 240 2527 1242 2604; baseline 0.004 -23"><span class='ocrx_word' id='word_1_186' title='bbox 240 2527 376 2597; x_wconf 74' lang='lat' dir='ltr'>Beiapt‘ele</span> <span class='ocrx_word' id='word_1_187' title='bbox 392 2546 443 2581; x_wconf 81' lang='lat' dir='ltr'>von</span> <span class='ocrx_word' id='word_1_188' title='bbox 460 2529 539 2582; x_wconf 75' lang='lat' dir='ltr'>deren</span> <span class='ocrx_word' id='word_1_189' title='bbox 556 2528 652 2581; x_wconf 71' lang='lat' dir='ltr'>Maelii</span> <span class='ocrx_word' id='word_1_190' title='bbox 668 2527 725 2581; x_wconf 81' lang='lat' dir='ltr'>und</span> <span class='ocrx_word' id='word_1_191' title='bbox 745 2527 925 2581; x_wconf 63' lang='lat' dir='ltr'>&amp;retentae</span> <span class='ocrx_word' id='word_1_192' title='bbox 961 2527 1018 2581; x_wconf 68' lang='lat' dir='ltr'>Eia</span> <span class='ocrx_word' id='word_1_193' title='bbox 1034 2529 1242 2604; x_wconf 61' lang='lat' dir='ltr'>LyciusDeloa</span> 
     </span>
     <span class='ocr_line' id='line_1_27' title="bbox 241 2603 1320 2675; baseline 0.004 -18"><span class='ocrx_word' id='word_1_194' title='bbox 241 2604 297 2657; x_wconf 74' lang='lat' dir='ltr'>aad</span> <span class='ocrx_word' id='word_1_195' title='bbox 305 2603 405 2674; x_wconf 75' lang='lat' dir='ltr'>Lysian</span> <span class='ocrx_word' id='word_1_196' title='bbox 415 2604 602 2674; x_wconf 75' lang='lat' dir='ltr'>vorzuqsweise</span> <span class='ocrx_word' id='word_1_197' title='bbox 613 2604 672 2658; x_wconf 81' lang='lat' dir='ltr'>dem</span> <span class='ocrx_word' id='word_1_198' title='bbox 682 2604 867 2674; x_wconf 71' lang='lat' dir='ltr'>Apollodieust</span> <span class='ocrx_word' id='word_1_199' title='bbox 879 2605 1002 2675; x_wconf 66' lang='lat' dir='ltr'>eruebam)</span> <span class='ocrx_word' id='word_1_200' title='bbox 1014 2606 1114 2659; x_wconf 69' lang='lat' dir='ltr'>mutet</span> <span class='ocrx_word' id='word_1_201' title='bbox 1125 2605 1168 2660; x_wconf 78' lang='lat' dir='ltr'>ds&#39;e</span> <span class='ocrx_word' id='word_1_202' title='bbox 1186 2610 1242 2661; x_wconf 77' lang='lat' dir='ltr'>Ge-</span> <span class='ocrx_word' id='word_1_203' title='bbox 1319 2640 1320 2647; x_wconf 27' lang='grc' dir='ltr'><strong>κ</strong></span> 
     </span>
     <span class='ocr_line' id='line_1_28' title="bbox 241 2679 1242 2750; baseline 0.006 -18"><span class='ocrx_word' id='word_1_204' title='bbox 241 2679 354 2733; x_wconf 67' lang='lat' dir='ltr'>solicite</span> <span class='ocrx_word' id='word_1_205' title='bbox 370 2698 421 2732; x_wconf 81' lang='lat' dir='ltr'>von</span> <span class='ocrx_word' id='word_1_206' title='bbox 433 2682 483 2734; x_wconf 83' lang='lat' dir='ltr'>den</span> <span class='ocrx_word' id='word_1_207' title='bbox 494 2679 675 2750; x_wconf 72' lang='lat' dir='ltr'>Lyeiaelreu</span> <span class='ocrx_word' id='word_1_208' title='bbox 686 2682 832 2746; x_wconf 71' lang='lat' dir='ltr'>Battara,</span> <span class='ocrx_word' id='word_1_209' title='bbox 850 2681 893 2735; x_wconf 77' lang='lat' dir='ltr'>die</span> <span class='ocrx_word' id='word_1_210' title='bbox 910 2681 939 2734; x_wconf 74' lang='lat' dir='ltr'>in</span> <span class='ocrx_word' id='word_1_211' title='bbox 950 2680 1067 2735; x_wconf 71' lang='lat' dir='ltr'>Frdselta</span> <span class='ocrx_word' id='word_1_212' title='bbox 1081 2684 1242 2738; x_wconf 66' lang='lat' dir='ltr'>emwaadelt</span> 
     </span>
     <span class='ocr_line' id='line_1_29' title="bbox 241 2756 1240 2827; baseline 0.006 -18"><span class='ocrx_word' id='word_1_213' title='bbox 241 2756 357 2820; x_wconf 76' lang='lat' dir='ltr'>werden,</span> <span class='ocrx_word' id='word_1_214' title='bbox 374 2756 436 2825; x_wconf 78' lang='lat' dir='ltr'>weil</span> <span class='ocrx_word' id='word_1_215' title='bbox 451 2757 489 2810; x_wconf 80' lang='lat' dir='ltr'>sie</span> <span class='ocrx_word' id='word_1_216' title='bbox 506 2757 548 2810; x_wconf 76' lang='lat' dir='ltr'>die</span> <span class='ocrx_word' id='word_1_217' title='bbox 559 2758 699 2811; x_wconf 70' lang='lat' dir='ltr'>ddrslmde</span> <span class='ocrx_word' id='word_1_218' title='bbox 710 2759 816 2812; x_wconf 77' lang='lat' dir='ltr'>Latona</span> <span class='ocrx_word' id='word_1_219' title='bbox 826 2758 899 2812; x_wconf 73' lang='lat' dir='ltr'>nieht</span> <span class='ocrx_word' id='word_1_220' title='bbox 912 2759 1018 2812; x_wconf 78' lang='lat' dir='ltr'>trinken</span> <span class='ocrx_word' id='word_1_221' title='bbox 1029 2760 1114 2813; x_wconf 77' lang='lat' dir='ltr'>lusson</span> <span class='ocrx_word' id='word_1_222' title='bbox 1124 2761 1240 2827; x_wconf 72' lang='lat' dir='ltr'>weluen,</span> 
     </span>
     <span class='ocr_line' id='line_1_30' title="bbox 242 2832 1244 2906; baseline 0.005 -19"><span class='ocrx_word' id='word_1_223' title='bbox 242 2834 282 2887; x_wconf 82' lang='lat' dir='ltr'>ala</span> <span class='ocrx_word' id='word_1_224' title='bbox 298 2832 337 2885; x_wconf 78' lang='lat' dir='ltr'>eie</span> <span class='ocrx_word' id='word_1_225' title='bbox 353 2832 403 2885; x_wconf 80' lang='lat' dir='ltr'>mit</span> <span class='ocrx_word' id='word_1_226' title='bbox 420 2833 495 2887; x_wconf 71' lang='lat' dir='ltr'>elren</span> <span class='ocrx_word' id='word_1_227' title='bbox 512 2834 649 2899; x_wconf 74' lang='lat' dir='ltr'>Kindlea&#39;n,</span> <span class='ocrx_word' id='word_1_228' title='bbox 674 2833 717 2888; x_wconf 73' lang='lat' dir='ltr'>die</span> <span class='ocrx_word' id='word_1_229' title='bbox 737 2834 776 2888; x_wconf 75' lang='lat' dir='ltr'>sie</span> <span class='ocrx_word' id='word_1_230' title='bbox 792 2838 848 2906; x_wconf 73' lang='lat' dir='ltr'>aas</span> <span class='ocrx_word' id='word_1_231' title='bbox 867 2836 915 2890; x_wconf 83' lang='lat' dir='ltr'>der</span> <span class='ocrx_word' id='word_1_232' title='bbox 936 2834 1151 2892; x_wconf 68' lang='lat' dir='ltr'>aelswimmeaden</span> <span class='ocrx_word' id='word_1_233' title='bbox 1168 2838 1244 2893; x_wconf 77' lang='lat' dir='ltr'>Inael</span> 
     </span>
     <span class='ocr_line' id='line_1_31' title="bbox 242 2909 1241 2984; baseline 0.006 -22"><span class='ocrx_word' id='word_1_234' title='bbox 242 2910 325 2963; x_wconf 81' lang='lat' dir='ltr'>Delos</span> <span class='ocrx_word' id='word_1_235' title='bbox 340 2909 459 2980; x_wconf 73' lang='lat' dir='ltr'>qeboren,</span> <span class='ocrx_word' id='word_1_236' title='bbox 476 2915 569 2965; x_wconf 73' lang='lat' dir='ltr'>analdi</span> <span class='ocrx_word' id='word_1_237' title='bbox 585 2911 753 2965; x_wconf 74' lang='lat' dir='ltr'>umlarirrte.</span> <span class='ocrx_word' id='word_1_238' title='bbox 788 2912 915 2967; x_wconf 69' lang='lat' dir='ltr'>Dam’tder</span> <span class='ocrx_word' id='word_1_239' title='bbox 931 2913 978 2968; x_wconf 80' lang='lat' dir='ltr'>das</span> <span class='ocrx_word' id='word_1_240' title='bbox 993 2914 1124 2984; x_wconf 68' lang='lat' dir='ltr'>soluendo</span> <span class='ocrx_word' id='word_1_241' title='bbox 1140 2915 1241 2975; x_wconf 67' lang='lat' dir='ltr'>steca:</span> 
     </span>
    </p>
   </div>
   <div class='ocr_carea' id='block_1_4' title="bbox 489 3096 991 3184">
    <p class='ocr_par' dir='ltr' id='par_1_11' title="bbox 489 3096 991 3184">
     <span class='ocr_line' id='line_1_32' title="bbox 489 3096 991 3184; baseline 0 -17"><span class='ocrx_word' id='word_1_242' title='bbox 489 3096 537 3167; x_wconf 84' lang='lat'>13.</span> <span class='ocrx_word' id='word_1_243' title='bbox 565 3099 626 3166; x_wconf 82' lang='lat' dir='ltr'>llie</span> <span class='ocrx_word' id='word_1_244' title='bbox 647 3099 827 3184; x_wconf 79' lang='lat' dir='ltr'>Lyeiselren</span> <span class='ocrx_word' id='word_1_245' title='bbox 849 3099 991 3168; x_wconf 89' lang='lat' dir='ltr'>Bauern.</span> 
     </span>
    </p>
   </div>
   <div class='ocr_carea' id='block_1_5' title="bbox 9 3217 1170 3593">
    <p class='ocr_par' dir='ltr' id='par_1_12' title="bbox 9 3217 1170 3593">
     <span class='ocr_line' id='line_1_33' title="bbox 9 3217 866 3291; baseline 0.008 -35"><span class='ocrx_word' id='word_1_246' title='bbox 9 3268 11 3291; x_wconf 58' lang='lat'>;</span> <span class='ocrx_word' id='word_1_247' title='bbox 616 3220 675 3272; x_wconf 78' lang='lat' dir='ltr'>(niu.</span> <span class='ocrx_word' id='word_1_248' title='bbox 689 3219 730 3271; x_wconf 85' lang='lat' dir='ltr'>vr,</span> <span class='ocrx_word' id='word_1_249' title='bbox 742 3217 866 3271; x_wconf 80' lang='lat' dir='ltr'>ato-as1.)</span> 
     </span>
     <span class='ocr_line' id='line_1_34' title="bbox 9 3296 1071 3421; baseline 0.007 -23"><span class='ocrx_word' id='word_1_250' title='bbox 9 3296 11 3355; x_wconf 57' lang='lat' dir='ltr'>l</span> <span class='ocrx_word' id='word_1_251' title='bbox 246 3343 306 3400; x_wconf 90' lang='grc'>340</span> <span class='ocrx_word' id='word_1_252' title='bbox 327 3321 457 3402; x_wconf 79' lang='lat' dir='ltr'>Finibus</span> <span class='ocrx_word' id='word_1_253' title='bbox 479 3343 509 3402; x_wconf 89' lang='lat' dir='ltr'>in</span> <span class='ocrx_word' id='word_1_254' title='bbox 531 3342 642 3421; x_wconf 78' lang='lat' dir='ltr'>Lyciae</span> <span class='ocrx_word' id='word_1_255' title='bbox 664 3343 753 3420; x_wconf 86' lang='lat' dir='ltr'>longo</span> <span class='ocrx_word' id='word_1_256' title='bbox 779 3342 841 3404; x_wconf 88' lang='lat' dir='ltr'>Dea</span> <span class='ocrx_word' id='word_1_257' title='bbox 862 3343 944 3405; x_wconf 88' lang='lat' dir='ltr'>fessa</span> <span class='ocrx_word' id='word_1_258' title='bbox 965 3343 1071 3405; x_wconf 86' lang='lat' dir='ltr'>labore</span> 
     </span>
     <span class='ocr_line' id='line_1_35' title="bbox 329 3425 1026 3506; baseline 0.003 -20"><span class='ocrx_word' id='word_1_259' title='bbox 329 3425 453 3488; x_wconf 81' lang='lat' dir='ltr'>Siderea</span> <span class='ocrx_word' id='word_1_260' title='bbox 477 3430 595 3490; x_wconf 84' lang='lat' dir='ltr'>siccata</span> <span class='ocrx_word' id='word_1_261' title='bbox 616 3430 695 3489; x_wconf 86' lang='lat' dir='ltr'>sitim</span> <span class='ocrx_word' id='word_1_262' title='bbox 718 3427 841 3506; x_wconf 82' lang='lat' dir='ltr'>collegit</span> <span class='ocrx_word' id='word_1_263' title='bbox 862 3428 901 3489; x_wconf 84' lang='lat' dir='ltr'>ab</span> <span class='ocrx_word' id='word_1_264' title='bbox 925 3437 1026 3490; x_wconf 89' lang='lat' dir='ltr'>aestu:</span> 
     </span>
     <span class='ocr_line' id='line_1_36' title="bbox 328 3511 1170 3593; baseline 0.011 -23"><span class='ocrx_word' id='word_1_265' title='bbox 328 3511 419 3573; x_wconf 83' lang='lat' dir='ltr'>Forte</span> <span class='ocrx_word' id='word_1_266' title='bbox 441 3513 544 3574; x_wconf 86' lang='lat' dir='ltr'>lacum</span> <span class='ocrx_word' id='word_1_267' title='bbox 565 3514 728 3574; x_wconf 83' lang='lat' dir='ltr'>mediocris</span> <span class='ocrx_word' id='word_1_268' title='bbox 750 3531 848 3590; x_wconf 90' lang='lat' dir='ltr'>aquae</span> <span class='ocrx_word' id='word_1_269' title='bbox 870 3517 1026 3593; x_wconf 85' lang='lat' dir='ltr'>prospexit</span> <span class='ocrx_word' id='word_1_270' title='bbox 1047 3516 1078 3573; x_wconf 93' lang='lat' dir='ltr'>in</span> <span class='ocrx_word' id='word_1_271' title='bbox 1099 3514 1170 3578; x_wconf 82' lang='lat' dir='ltr'>imis</span> 
     </span>
    </p>
   </div>
   <div class='ocr_carea' id='block_1_6' title="bbox 327 3595 1077 3679">
    <p class='ocr_par' dir='ltr' id='par_1_13' title="bbox 327 3595 1077 3679">
     <span class='ocr_line' id='line_1_37' title="bbox 327 3595 1077 3679; baseline 0.008 -24"><span class='ocrx_word' id='word_1_272' title='bbox 327 3595 472 3657; x_wconf 91' lang='lat' dir='ltr'>Vallibus.</span> <span class='ocrx_word' id='word_1_273' title='bbox 517 3597 660 3677; x_wconf 79' lang='lat' dir='ltr'>Agrestes</span> <span class='ocrx_word' id='word_1_274' title='bbox 682 3598 744 3658; x_wconf 82' lang='lat' dir='ltr'>illie</span> <span class='ocrx_word' id='word_1_275' title='bbox 766 3598 912 3661; x_wconf 81' lang='lat' dir='ltr'>fruticosa</span> <span class='ocrx_word' id='word_1_276' title='bbox 934 3601 1077 3679; x_wconf 82' lang='lat' dir='ltr'>legebant</span> 
     </span>
    </p>
   </div>
   <div class='ocr_carea' id='block_1_7' title="bbox 0 0 1339 4224">
    <p class='ocr_par' dir='ltr' id='par_1_14' title="bbox 0 0 1339 4224">
     <span class='ocr_line' id='line_1_38' title="bbox 0 0 1339 4224; baseline 0 0"><span class='ocrx_word' id='word_1_277' title='bbox 0 0 1339 4224; x_wconf 95' lang='lat' dir='ltr'> </span> 
     </span>
    </p>
   </div>
  </div>
 </body>
</html>
