2660 4224
271 293 312 356 80
566 286 651 356 Ceyx„
685 286 750 340 liet.
763 286 811 351 XI,
823 287 968 339 tta-ooo.

271 468 332 523 500
355 462 503 524 Sternitur
524 463 675 524 interdum
696 465 870 541 spumisque
891 462 1069 523 sonantibus
1092 463 1188 524 albet.

354 550 424 628 Ipsa
446 567 567 626 quoque
590 549 637 609 his
661 551 757 626 agitur
778 549 896 608 vicibus
918 547 1078 609 Trachinia
1099 552 1215 629 puppis

354 635 392 695 Et
413 653 494 694 nunc
517 635 653 694 sublimis
674 634 768 695 veluti
791 634 829 694 de
851 636 964 694 vertice
987 636 1095 695 montis

355 720 518 800 Despicere
541 722 572 779 in
593 721 688 781 valles
709 722 862 798 imumque
884 719 1058 781 Acheronta
1078 720 1215 781 videtur:

272 810 331 866 505
354 807 442 866 Ν555
465 806 518 866 551
541 808 703 867 demissam
726 826 852 865 curvum
874 808 1073 866 circumstetit
1095 825 1222 884 aequor,

355 891 517 971 Suspicere
539 893 654 952 inferno
676 911 826 952 summum
849 893 887 951 de
911 894 1026 969 gurgite
1050 892 1171 952 caelum

356 978 456 1056 Saepe
479 979 532 1038 dat
553 980 704 1055 ingentem
726 978 822 1037 fluctu
844 978 924 1037 latus
945 979 1008 1037 icta
1029 978 1189 1055 fragorem,

354 1064 420 1124 Nec
441 1064 539 1124 levius
560 1063 682 1141 pulsata
703 1069 799 1138 sonat,
823 1082 915 1140 quam
937 1064 1053 1123 ferreus
1075 1063 1147 1123 olim

272 1152 332 1208 510
357 1149 434 1210 Cum
455 1150 575 1209 laceras
598 1151 675 1209 aries
697 1149 858 1209 ballistave
882 1150 1018 1208 concutit
1040 1168 1137 1208 arces.

355 1235 479 1311 Iamque
501 1235 607 1295 labant
630 1236 719 1294 cunei
740 1235 930 1313 spoliataque
953 1236 1083 1312 tegmine
1107 1253 1199 1296 cerae

273 1323 331 1378 515
355 1320 443 1380 Rima
463 1326 549 1398 patet
570 1320 757 1399 praebetque
779 1321 859 1379 viam
881 1319 1023 1380 letalibus
1045 1321 1144 1380 undis.

355 1406 436 1465 Ecce
461 1406 575 1465 cadunt
596 1406 670 1482 largi
692 1405 832 1465 resolutis
853 1405 986 1465 nubibus
1008 1404 1119 1465 imbres

357 1490 519 1569 Caecaque
541 1509 603 1551 nox
625 1492 769 1569 premitur
790 1490 923 1551 tenebris
942 1491 1109 1568 hiemisque
1132 1494 1262 1570 suisque.

355 1578 527 1637 Discutiunt
548 1583 650 1637 tamen
672 1576 728 1635 has
749 1576 956 1655 praebentque
978 1578 1122 1637 micantia
1144 1577 1246 1638 lumen

356 1663 509 1724 Fulmina:
535 1662 684 1722 fulmineis
708 1661 872 1722 ardescunt
893 1662 1012 1740 ignibus
1034 1663 1144 1723 undae.

322 1795 389 1848 Nun
405 1799 520 1848 stramen
537 1796 745 1849 Wasrcrmossen
761 1794 791 1847 in
806 1794 853 1847 das
866 1793 959 1865 Schaff,
976 1794 1033 1847 aad
1047 1812 1074 1847 ca
1092 1797 1205 1850 5115115115
1222 1797 1265 1850 att

269 1872 385 1943 permina
409 1871 582 1940 Verwa'rrunp
598 1871 655 1923 aad
670 1870 837 1941 allgenaea‘ner
853 1872 980 1924 Jammcr.

356 2004 490 2082 Alcyone
514 2002 616 2082 Ceyca
637 2010 752 2063 movet:
778 2002 886 2082 Ceycis
907 2005 938 2064 in
960 2022 1012 2063 ore
1311 2080 1312 2089 ἵ

274 2093 332 2149 545
356 2090 448 2151 Ν5115
468 2090 526 2149 nisi
546 2088 681 2167 Alcyone
704 2094 757 2164 est,
783 2095 814 2148 55
837 2106 906 2149 cum
929 2089 1081 2150 desideret
1102 2110 1197 2152 unam
1311 2094 1312 2097 ’

357 2175 477 2237 Gaudet
497 2175 605 2235 abesse
619 2181 731 2235 tamen.
764 2173 883 2235 Patriae
899 2194 1020 2252 quoque
1035 2174 1128 2236 vellet
1144 2179 1185 2238 ad
1201 2198 1260 2238 oras

356 2262 530 2340 Respicere,
553 2262 645 2338 inque
667 2260 790 2321 domum
811 2278 969 2339 supremos
991 2267 1109 2321 vertere
1132 2263 1247 2324 vultus:
1310 2300 1311 2335 y

355 2347 466 2408 Verum
488 2347 540 2406 ubi
562 2347 600 2406 sit
621 2347 731 2420 nescit;
755 2352 841 2405 tanta
862 2348 1006 2424 vertigine
1028 2353 1140 2424 pontus

356 2433 475 2507 Fervet,
499 2438 530 2492 et
551 2431 676 2491 inducta
697 2432 792 2509 piceis
815 2450 831 2491 e
853 2431 986 2492 nubibus
1007 2432 1115 2492 umbra

273 2522 333 2578 550
357 2518 452 2579 Omne
475 2517 551 2578 latet
573 2517 693 2577 caelum
716 2517 932 2595 duplicataque
953 2519 1053 2577 noctis
1075 2520 1175 2598 imago
1199 2529 1252 2581 est.

356 2604 515 2681 Frangitur
536 2605 660 2663 incursu
681 2603 811 2663 nimbosi
832 2602 960 2663 turbinis
982 2603 1084 2677 arbor;

356 2689 515 2766 Frangitur
537 2694 568 2747 et
588 2689 729 2766 regimen,
753 2689 916 2767 spoliisque
939 2690 1075 2749 animosa
1096 2698 1250 2768 superstes

356 2773 453 2847 Unda,
476 2773 560 2833 velut
580 2774 697 2848 victrix,
721 2775 901 2850 sinuataque
925 2774 1054 2852 despicit
1075 2776 1187 2837 undas:

356 2859 423 2918 Nec
445 2858 550 2932 levius,
574 2860 713 2935 quamsi
735 2860 802 2936 quis
820 2858 920 2919 Athon
941 2859 1107 2920 Pindumve
1130 2863 1265 2924 revulsos

274 2948 333 3004 555
357 2944 439 3005 Sede
461 2963 518 3004 sua
539 2950 618 3004 totos
640 2945 670 3002 in
694 2951 831 3021 apertum
853 2947 995 3006 everterit
1017 2964 1139 3023 aequor,

357 3030 559 3108 Praecipitate
582 3029 672 3105 cadit,
696 3032 868 3108 pariterque
892 3037 923 3090 et
943 3031 1078 3109 pondere
1101 3039 1132 3091 et
1153 3034 1217 3094 ictu

357 3116 463 3194 Mergit
484 3118 515 3175 in
536 3117 597 3175 ima
617 3121 723 3190 ratem,
748 3135 818 3177 cum
837 3128 899 3193 qua
918 3135 989 3193 pars
1011 3135 1121 3194 magna
1135 3119 1265 3180 virorum

358 3201 479 3281 Gurgite
501 3218 607 3278 pressa
629 3203 711 3279 gravi
732 3221 832 3279 neque
854 3204 884 3261 in
907 3206 980 3261 adra
1000 3201 1121 3263 reddita
1142 3204 1205 3264 fato

357 3286 476 3347 Functa
497 3304 552 3346 suo
576 3292 631 3347 est.
674 3286 733 3346 Alii
753 3294 856 3365 partes
878 3293 909 3346 et
930 3287 1066 3348 membra
1089 3290 1212 3350 carinae

275 3375 334 3431 560
357 3372 479 3433 Trunca
492 3378 605 3432 tenent.
628 3370 724 3431 Tenet
738 3374 802 3450 ipse
813 3391 913 3445 manu,
932 3391 993 3449 qua
1003 3379 1127 3450 sceptra
1138 3374 1263 3453 solebat,
1307 3430 1308 3467 y

358 3458 518 3535 Fragmina
539 3459 649 3536 navigii
672 3456 764 3535 Ceyx,
788 3475 988 3534 socerumque
1011 3465 1192 3538 patremque

358 3542 492 3618 Invocat,
515 3541 577 3602 heu
599 3541 721 3602 frustrat
745 3541 800 3602 sed
822 3542 952 3619 plurima
972 3545 1072 3604 nantis
1094 3546 1125 3603 in
1148 3565 1201 3606 ore

358 3627 493 3706 Alcyone
517 3629 660 3702 coniunx;
683 3626 767 3687 illam
788 3628 983 3706 meminitque
1005 3630 1171 3707 refertque:
