2660 4224
229 278 269 338 56
421 271 475 326 Die
492 269 692 342 Myrmidones.
728 267 1025 332 rtet.vl1,me-osr.

312 449 379 508 Non
401 454 535 520 stratum,
559 465 619 506 non
640 445 704 506 ulla
725 446 787 523 pati
810 445 960 505 velamina
981 452 1117 523 possunt,

312 533 395 594 Dura
417 533 471 593 sed
493 535 524 592 in
546 539 626 592 terra
647 538 763 609 ponunt
783 531 974 609 praecordia:
998 549 1055 590 nee
1078 532 1114 590 fit

230 623 290 679 560
315 618 431 698 Corpus
446 619 537 679 humo
560 617 701 696 gelidum,
725 617 781 676 sed
795 616 905 677 humus
921 617 959 676 de
976 635 1101 694 corpore
1117 616 1218 677 ferret

312 705 377 765 Nec
399 705 570 765 moderator
593 703 692 777 adest3
715 703 807 780 inque
829 703 911 781 ipsos
933 721 1026 762 saeva
1047 703 1211 764 medentes

312 790 447 868 Erumpit
470 789 583 864 clades,
607 789 779 866 obsuntque
803 787 977 848 auctoribus
1002 794 1089 848 artes.

313 876 379 948 Quo
401 876 522 953 propior
544 876 672 953 quisque
695 881 741 935 est
763 876 914 952 servitque
936 873 1057 934 fidelius
1080 892 1182 952 aegro,

312 962 345 1020 ln
367 968 483 1039 partem
505 961 558 1020 leti
581 961 668 1020 citius
689 961 780 1020 venit.
825 959 924 1037 thue
947 959 1053 1020 salutis

230 1049 288 1106 565
313 1045 389 1124 Spes
413 1047 485 1107 abiit
507 1047 658 1124 finemque
680 1046 784 1105 vident
805 1046 836 1104 in
857 1045 961 1105 funere
984 1045 1089 1122 morbi,

311 1132 471 1210 Indulgent
494 1133 600 1193 animis
623 1138 653 1191 et
673 1131 766 1205 nulla,
791 1130 864 1208 quid
886 1130 968 1206 utile,
994 1148 1068 1190 cura
1090 1138 1150 1203 est;

312 1217 391 1277 Utile
414 1216 492 1277 eniin
513 1217 586 1276 nibil
610 1223 663 1278 est.
708 1215 825 1276 Passim
846 1217 1006 1294 positoque
1028 1217 1146 1294 pudore

313 1303 458 1362 Fontibus
481 1308 512 1363 et
533 1302 632 1362 fluviis
654 1303 813 1379 puteisque
837 1302 1003 1379 capacibus
1025 1301 1166 1361 haerent:

313 1388 377 1447 Neo
400 1389 464 1447 sitis
487 1395 532 1447 est
555 1389 705 1448 exstincta
726 1389 818 1465 prius,
843 1405 933 1464 quam
955 1389 1026 1463 vita,
1050 1387 1196 1448 bibendo.

230 1476 289 1532 570
312 1473 385 1533 lnde
407 1492 514 1551 graves
536 1474 622 1533 multi
643 1480 798 1550 nequeunt
822 1490 1010 1550 consurgere,
1036 1479 1066 1533 et
1086 1474 1160 1550 ipsis

311 1559 512 1619 inmoriuntur
534 1560 634 1636 aquis3
660 1558 767 1636 aliquis
790 1564 891 1618 tamen
912 1558 1013 1619 haurit
1036 1564 1066 1619 et
1087 1558 1166 1618 illas.

312 1645 468 1722 Tantaque
491 1652 561 1705 sunt
582 1644 699 1704 miseris
721 1645 807 1703 invisi
829 1643 932 1703 taedia
953 1642 1039 1704 lecti:

312 1730 473 1792 Prosiliunt
495 1738 556 1805 aut,
580 1732 606 1790 si
627 1729 788 1807 prohibent
811 1731 976 1790 consistere
998 1731 1085 1804 vires,

314 1815 448 1894 Corpora
471 1816 635 1876 devolvunt
656 1817 686 1874 in
709 1815 842 1889 humum,
866 1815 1045 1893 fugiuntque
1068 1823 1196 1893 penates

229 1904 288 1959 575
312 1902 445 1979 Quisque
468 1919 556 1975 suos,
580 1919 637 1961 sua
660 1902 770 1977 cuique
793 1900 900 1960 domus
923 1901 1043 1961 funesta
1064 1902 1194 1977 videtur,

311 1986 356 2061 Et,
381 1988 453 2064 quia
476 1986 676 2059 causa'latet,
700 1986 788 2045 locus
811 1988 908 2045 estin
932 1987 1054 2046 crimine
1076 1993 1177 2047 notus.

314 2069 510 2132 Semianimes
534 2089 632 2131 errare
655 2072 719 2146 viis,
745 2071 817 2130 dum
839 2077 919 2131 stare
942 2072 1093 2149 valebant,

312 2157 487 2234 Aspiceres;
511 2157 618 2217 flentes
642 2156 716 2216 alios
739 2162 880 2234 terraque
902 2158 1045 2234 iacentes,

312 2242 467 2320 Lassaque
490 2249 646 2303 versantes
668 2260 808 2320 supremo
831 2242 945 2303 lumina
966 2250 1059 2304 motu.

229 2330 289 2387 580
312 2328 507 2405 Membraque
530 2328 690 2406 pendentis
712 2328 840 2388 tendunt
864 2328 902 2388 ad
925 2330 1027 2389 sidera
1050 2331 1137 2405 caeli,

311 2413 375 2489 Hic,
400 2415 470 2490 illic,
495 2414 548 2475 ubi
569 2432 649 2474 mors
672 2413 882 2494 deprenderat,
908 2415 1094 2476 exhalantes.

277 2565 381 2616 Aeacus
398 2563 522 2616 scbildcrt
539 2563 605 2615 norb
621 2562 712 2615 weiter
729 2561 772 2615 die
790 2563 935 2616 Schreckcn
957 2563 1004 2617 der
1021 2566 1085 2618 Part
1107 2568 1165 2619 aad
1185 2569 1222 2621 dc
1320 2592 1322 2619 t

225 2641 333 2692 condere
351 2639 506 2692 eccleciae
523 2639 611 2708 upana
629 2639 687 2691 Not
704 2638 760 2692 aad
783 2639 980 2710 Vcrzwcr'fluup
1002 2640 1045 2693 bei
1066 2642 1124 2695 dem
1147 2646 1227 2714 allpe·
1321 2674 1322 2681 1

226 2716 327 2769 meineri
346 2716 449 2773 Elcnd·
473 2715 523 2768 wie
545 2733 573 2767 er
591 2715 732 2784 Juppiter,
756 2714 853 2768 acinam
877 2718 966 2781 Vatcr,
993 2718 1081 2788 Opfer
1102 2720 1227 2789 gebracht

226 2793 282 2846 und
289 2792 446 2864 flebcutlicb
463 2809 495 2844 zu
513 2792 567 2844 ilem
583 2793 744 2861 auspcrufen
761 2792 840 2846 tate:
861 2793 940 2857 „cat
957 2793 1011 2846 mir
1027 2794 1070 2847 dic
1088 2797 1228 2868 Meim'pen

226 2869 323 2922 wieder
340 2870 402 2921 oder
419 2868 477 2938 bii-p
489 2868 556 2921 auch
566 2868 636 2920 mich
647 2867 684 2920 im
701 2868 819 2922 &abest
849 2870 896 2922 Da
912 2870 952 2922 sei
960 2869 1035 2924 Blita
1046 2873 1104 2924 und
1113 2874 1229 2929 Donner

227 2947 336 3018 erfolpt,
360 2964 413 2998 rous
436 2963 465 2999 cr
487 2949 575 3017 sofort
596 2945 635 2998 ab
651 2944 784 3015 quastipes
802 2945 914 2999 Zea'clren
936 2946 983 3000 der
1000 2948 1140 3020 Erbbrung
1163 2957 1228 3022 aus·
1321 3012 1322 3031 χ

225 3040 374 3093 gcnmnmeu
391 3022 462 3075 habe.
499 3023 582 3075 Dauo
593 3022 677 3093 sttlrrt
695 3039 723 3074 er
734 3022 877 3091 soracte
888 3023 979 3093 Ῑοίρίι

398 3230 423 3284 2.
446 3226 514 3281 Der
531 3225 718 3283 Aufwuchs
737 3229 795 3283 der
812 3228 1053 3299 Myrmidones.

640 3330 672 3381 (v.
686 3328 809 3382 622-657.)

228 3438 288 3498 622
311 3418 404 3499 Forte
427 3437 482 3497 fuit
504 3440 589 3498 iuxta
610 3437 722 3515 patulis
744 3437 896 3497 rarissima
917 3440 1017 3513 ramis,

313 3523 408 3584 Sacra
429 3523 501 3598 lovi,
525 3542 656 3602 quercus
680 3522 717 3581 de
740 3523 852 3581 semine
875 3521 1049 3584 Dodonaeo.

314 3610 369 3668 Hic
391 3628 446 3668 nos
468 3609 630 3687 frugilegas
655 3609 826 3686 aspeximus
849 3609 966 3687 agmine
988 3609 1078 3688 longo
