2660 4224
248 305 291 367 22
533 299 685 356 Phabthon.
720 298 784 354 Met.
797 299 833 364 ΙΙ,
850 300 957 352 1-328.

334 475 428 537 Cuius
451 478 527 538 ebur
547 476 675 536 nitidum
696 475 816 552 fastigia
838 493 955 534 summa
976 475 1114 552 tegebat,

332 562 455 640 Argenti
477 562 588 622 bifores
610 560 771 622 radiabant
791 559 903 621 lumine
926 560 1043 621 valvae.

292 651 309 705 5
333 649 488 709 Materiam
510 648 675 727 superabat
696 664 786 724 opus;
809 665 880 706 nam
902 645 1050 706 Mulciber
1070 645 1132 705 illic

332 733 474 812 Aequora
497 734 632 794 caelarat
653 733 770 793 medias
793 734 944 810 cingentia
965 739 1060 792 terras

332 819 552 898 Terrarumque
574 819 678 880 orbem
701 818 890 896 caelumque,
914 818 995 896 quod
1017 818 1151 877 imminet
1169 814 1237 876 orbi

335 903 499 966 Caeruleos
520 906 614 966 habet
635 904 719 965 unda
741 904 828 965 deos:
854 903 976 964 Tritona
999 921 1152 976 canorum,

333 990 502 1069 Proteaque
525 991 707 1070 ambiguum,
729 990 996 1066 ballaenarumque
1018 996 1205 1066 prementem

273 1078 310 1135 10
333 1076 496 1154 Aegaeona
517 1078 580 1137 suis
602 1078 734 1136 inmania
755 1082 841 1154 terga
862 1076 1000 1149 lacertis,

332 1160 506 1240 Doridaque
530 1169 560 1222 et
580 1169 678 1237 natas,
702 1180 830 1239 quarum
852 1180 922 1238 pars
943 1178 1016 1220 nare
1038 1159 1167 1231 videtur,

333 1246 406 1307 Pars
427 1250 458 1307 in
480 1247 559 1307 mole
582 1247 692 1307 sedens
714 1246 826 1306 virides
848 1248 965 1306 siccare
990 1244 1123 1322 capillos,

333 1331 421 1393 Pisce
444 1331 513 1392 vehi
536 1333 699 1410 quaedam;
722 1333 817 1392 facies
839 1350 899 1391 non
922 1331 1061 1390 omnibus
1084 1348 1152 1406 una,

332 1415 398 1477 Nec
421 1418 541 1477 diversa
563 1424 678 1477 tamen:
703 1417 825 1494 qualern
848 1418 938 1477 decet
961 1435 1027 1476 esse
1050 1433 1196 1475 sororum.

274 1505 309 1559 15
333 1503 425 1563 Terra
446 1505 526 1563 viros
548 1504 700 1580 urbesque
723 1504 798 1580 gerit
819 1502 972 1579 silvasque
994 1501 1136 1579 ferasque

333 1588 533 1667 Fluminaque
556 1595 586 1648 et
607 1584 754 1668 nymphas
777 1594 807 1648 et
829 1593 931 1647 cetera
952 1589 1076 1647 numina
1096 1588 1182 1646 ruris.

333 1675 417 1735 Haec
439 1676 683 1753 superinposita
704 1680 750 1734 est
773 1674 850 1734 caeli
872 1673 1013 1750 fulgentis
1036 1674 1143 1749 imago,

334 1758 486 1838 Signaque
508 1779 563 1819 sex
585 1760 700 1820 foribus
723 1760 845 1835 dextris,
869 1759 1056 1836 totidemque
1078 1759 1215 1819 sinistris.

334 1845 401 1917 Quo
423 1845 512 1905 simul
535 1845 654 1905 adalivo
678 1843 854 1923 Clymeneia
875 1844 967 1904 limite
991 1843 1091 1921 proles

271 1930 310 1988 20
332 1929 421 1990 Venit
443 1937 474 1989 et
495 1932 616 1989 intravit
638 1930 767 1990 dubitati
789 1937 872 1989 tecta
894 1931 1034 2007 parentis,

334 2015 472 2075 Protinus
495 2015 534 2074 ad
556 2017 669 2093 patrios
691 2033 748 2074 sua
769 2016 827 2074 fert
849 2016 976 2091 vestigia
997 2014 1108 2087 rullus,

336 2099 537 2177 Consistitque
560 2100 681 2177 procul,
705 2118 804 2178 neque
829 2101 907 2159 enirn
928 2101 1068 2177 propiora
1089 2098 1209 2159 ferebat

333 2185 469 2245 Lumina.
514 2184 669 2263 Purpurea
691 2185 809 2245 velatus
831 2192 915 2245 veste
938 2184 1068 2245 sedebat

333 2271 367 2330 ln
389 2271 463 2331 solio
487 2270 635 2345 Phoebus,
661 2271 751 2331 claris
772 2271 894 2332 lucente
918 2271 1092 2349 smaragdis.

272 2355 311 2414 25
334 2355 360 2416 A
382 2358 491 2417 dextra
512 2357 660 2434 laevaque
683 2357 754 2417 Dies
777 2363 806 2417 et
827 2357 937 2416 Mensis
960 2362 990 2416 et
1012 2356 1116 2416 Annus

335 2440 526 2521 Saeculaque
550 2449 580 2503 et
601 2445 717 2520 positae
740 2444 845 2519 spatiis
868 2441 1046 2519 aequalibus
1067 2440 1180 2500 Horae:

332 2526 453 2606 Verque
474 2546 587 2588 novum
608 2529 709 2588 stabat
732 2530 865 2588 cinctum
887 2526 1012 2587 florente
1036 2544 1155 2601 corona,

335 2610 442 2672 Stabat
463 2613 547 2673 nuda
567 2612 676 2673 Aestas
699 2619 729 2673 et
751 2615 856 2690 spicea
876 2618 960 2673 serta
980 2612 1112 2691 gerebat,

335 2696 442 2757 Stabat
465 2704 495 2757 et
516 2697 686 2758 Autumnus
710 2699 836 2758 calcatis
858 2698 998 2757 sordidus
1020 2699 1087 2756 uvis

272 2782 311 2839 30
334 2781 371 2841 Et
393 2781 529 2860 glacialis
551 2781 682 2861 Hiemps,
708 2801 800 2843 canos
822 2784 938 2842 hirsuta
961 2782 1096 2860 capillos.

334 2867 416 2942 Inde,
439 2868 508 2927 loco
531 2868 658 2944 medius,
682 2887 782 2928 rerum
803 2870 936 2928 novitate
959 2873 1119 2946 paventem

335 2949 387 3012 Sol
410 2952 506 3013 oculis
527 2954 677 3027 iuvenem,
702 2955 812 3031 quibus
835 2955 943 3032 aspicit
965 2955 1072 3029 omnia,
1098 2952 1181 3025 vidit,

335 3038 501 3116 „Quaeque
512 3039 579 3098 viae
591 3038 645 3098 tibi
658 3039 773 3099 causat
784 3039 856 3117 quid
868 3039 957 3113 hac“,
972 3040 1020 3114 ait,
1034 3055 1126 3113 „arce
1135 3039 1249 3115 petisti,

334 3124 503 3202 Progenies,
527 3122 692 3198 Phaithon,
715 3125 798 3186 haud
820 3124 977 3185 infitianda
999 3122 1155 3201 parentii“

271 3209 310 3266 35
334 3208 387 3269 llle
409 3210 516 3269 refert:
540 3207 586 3284 „0
609 3209 663 3270 lux
685 3211 811 3271 inmensi
833 3210 958 3287 publica
979 3209 1092 3284 mundi,

334 3295 456 3355 Phoebe
478 3301 572 3372 pater,
596 3296 621 3354 si
645 3296 700 3355 das
721 3297 811 3355 huius
832 3297 904 3355 mihi
924 3295 1054 3354 nominis
1076 3313 1173 3368 usum,

334 3379 460 3458 Pignera
483 3380 531 3456 da,
556 3381 679 3458 genitor,
702 3400 757 3458 per
779 3396 857 3458 quae
880 3387 933 3439 tua
954 3398 1027 3439 vera
1048 3397 1181 3457 propago

336 3462 459 3540 Credar,
484 3472 515 3525 et
535 3464 617 3524 hunc
641 3466 746 3525 animis
769 3483 900 3524 errorem
923 3465 1047 3524 detrahe
1069 3465 1211 3523 nostris.“

271 3551 310 3605 40
334 3548 467 3610 Dixerat.
511 3548 550 3608 At
572 3552 687 3627 genitor
710 3551 824 3609 circum
847 3555 938 3626 caput
961 3568 1049 3610 omne
1070 3550 1221 3613 micantes

333 3633 478 3712 Deposuit
500 3634 601 3695 radios
622 3635 806 3713 propiusque
830 3634 979 3694 accedere
1001 3635 1094 3703 iussit,
