2660 4228
325 341 384 396 Das
401 341 495 398 Loben
512 343 540 396 in
559 343 648 397 Tomi.
683 342 767 397 Triat.
780 343 815 408 V,
827 346 857 399 ¹l.
1030 347 1087 409 131

181 516 266 576 Haeo
288 518 376 594 igitur
397 518 451 577 lux
475 525 528 594 est,
553 537 631 596 quae
654 520 680 578 si
701 536 761 578 non
782 524 849 578 orta
870 518 984 593 fuisset,

224 602 315 663 Nulla
337 603 392 663 fuit
413 605 522 664 misero
544 604 622 665 festa
643 603 777 664 videnda
798 603 878 663 mihi.

181 686 282 747 Edidit
304 688 382 748 haee
404 707 503 749 mores
524 689 583 749 illis
604 690 735 750 heroisin
758 708 881 767 aequos,

225 774 317 846 Qucis
340 781 405 835 erat
426 774 531 834 Eetion
552 775 728 852 Icariusque
749 781 844 854 pater.

114 864 157 918 45
181 859 260 920 Nata
281 860 429 939 pudicitia
451 866 505 934 est,
529 880 626 921 mores
649 861 844 939 probitasque
866 859 1017 938 fidesque:

224 945 263 1007 At
283 964 344 1005 non
367 952 437 1006 sunt
458 947 517 1006 ista
540 947 651 1023 gaudia
671 952 745 1006 nata
766 947 824 1020 die,

182 1029 243 1091 Sed
265 1031 352 1092 labor
374 1038 404 1092 et
427 1050 518 1091 curae
540 1032 721 1109 fortunaque
744 1031 877 1091 moribus
898 1032 993 1108 inpar,

222 1117 366 1194 Iustaque
390 1119 427 1177 de
450 1118 543 1176 vidua
564 1136 660 1195 paene
683 1117 808 1195 querela
831 1117 929 1177 domo.

181 1200 305 1262 Scilicet
327 1203 462 1263 adversis
484 1203 618 1280 probitas
642 1204 776 1263 exercita
798 1202 889 1263 rebus

117 1292 156 1347 50
222 1287 309 1348 Tristi
332 1290 489 1348 materiam
511 1294 646 1366 tempore
667 1288 768 1349 laudis
790 1288 891 1348 habet.

181 1372 213 1432 Si
234 1373 308 1433 nihil
329 1374 427 1434 infesti
450 1374 543 1434 durus
565 1374 690 1434 vidisset
711 1375 822 1450 Ulixes,

221 1458 372 1537 Penelope
394 1460 476 1535 felix,
500 1460 554 1520 sed
577 1462 641 1520 sine
663 1460 755 1520 laude
778 1461 863 1519 foret.

178 1545 282 1604 Victor
302 1544 463 1605 Echionias
484 1547 510 1604 si
531 1547 576 1604 vir
597 1551 786 1624 penetrasset
807 1546 838 1603 in
861 1562 956 1620 arces,

221 1631 360 1690 Forsitan
381 1630 527 1689 Euadnen
548 1631 599 1688 vix
621 1648 678 1690 sua
698 1635 802 1688 nosset
822 1629 941 1688 humus.

118 1719 156 1774 55
182 1713 259 1773 Cum
280 1714 364 1772 Pelia
388 1716 507 1789 genitae
529 1719 574 1772 tot
596 1715 664 1788 sint,
688 1733 743 1773 our
763 1713 872 1773 nobilis
893 1732 955 1773 una
977 1713 1042 1774 esti

224 1799 339 1877 Nempe
360 1799 417 1858 fuit
439 1799 547 1857 misero
569 1805 664 1877 nupta
685 1799 767 1876 quod
789 1818 850 1858 una
871 1801 942 1859 viro.

182 1883 285 1958 Effice,
309 1889 343 1943 ut
363 1881 472 1943 Iliacas
494 1889 597 1960 tangat
618 1885 698 1961 prior
720 1885 796 1960 alter
816 1886 958 1945 harenas:

225 1967 389 2029 Laodamia
409 1967 482 2028 nihil
505 1988 559 2029 our
580 1969 726 2030 referatur
748 1972 812 2030 erit.

181 2053 218 2113 Et
239 2062 301 2129 tua,
326 2055 407 2132 quod
429 2054 544 2130 malles,
567 2056 664 2132 pietas
685 2058 788 2133 ignota
809 2063 954 2130 maneret,

119 2143 158 2200 60
223 2139 373 2218 Inplerent
394 2142 475 2200 venti
497 2142 523 2200 si
544 2159 613 2201 mea
635 2141 703 2201 vela
724 2143 780 2202 sui.
890 2139 892 2143 ’

180 2225 216 2284 Di
238 2233 340 2285 tamen
363 2232 393 2285 et
416 2224 530 2286 Caesar
551 2226 598 2286 dis
621 2245 783 2286 accessura
806 2258 829 2267 -
852 2228 907 2286 sed
930 2227 1009 2299 olim,

222 2309 388 2388 Aequarint
408 2310 509 2390 Pylios
531 2330 601 2371 oum
623 2318 677 2370 tua
698 2312 760 2371 iata
783 2311 847 2371 dies
870 2342 893 2351 -

180 2396 248 2457 Non
269 2397 351 2470 mihi,
375 2397 427 2473 qui
448 2414 577 2474 poenam
599 2397 696 2456 fateor
717 2397 872 2470 meruisse,
896 2395 951 2455 sed
973 2394 1015 2453 illi

223 2480 352 2556 Parcite,
377 2498 455 2558 quae
477 2480 560 2540 nullo
584 2481 674 2559 digna
697 2480 800 2540 dolore
823 2479 921 2540 doletl

492 2649 697 2660 ...ι-..-

254 2728 257 2734 ¹
363 2764 419 2835 46.
452 2763 519 2834 Das
542 2766 650 2834 hohen
670 2766 706 2833 in
728 2765 828 2833 l'oni.

510 2886 584 2937 (rerer.
599 2888 628 2938 v,
642 2885 672 2936 r.)

146 2992 200 3047 Die
210 2992 310 3060 Elegio
327 2993 477 3045 antwortct
495 2989 583 3043 ciuem
595 2989 725 3044 Reunia
743 2985 793 3042 auf
807 2988 853 3042 die
864 2987 980 3056 Fragor,
995 2990 1089 3043 womit

95 3070 146 3124 der
162 3068 279 3123 Dichter
302 3066 361 3122 sich
379 3067 408 3120 in
432 3066 523 3120 sciner
539 3065 728 3131 Verbannung
745 3063 928 3133 haschtiftige,
953 3064 1009 3118 und
1031 3079 1088 3118 was

94 3134 140 3190 fiir
157 3136 247 3191 Lauta
264 3135 312 3190 die
329 3134 490 3190 Tomitaner
508 3135 594 3191 saion.
628 3136 731 3190 Beidee
749 3136 821 3190 wird
837 3135 984 3191 kunstlich
1002 3137 1091 3191 inein-

94 3213 385 3283 andergesohlungen,
403 3213 496 3269 iridem
514 3214 564 3268 der
581 3213 701 3268 Dichter
718 3213 866 3268 einerroits
883 3214 945 3268 scin
963 3212 1092 3281 Unglitok

98 3288 187 3342 durch
204 3286 324 3341 Dichten
342 3286 399 3340 und
417 3284 567 3341 Sohreiben
589 3284 696 3340 lindern
719 3285 830 3339 mdehtc
852 3287 910 3339 und
932 3286 1090 3341 andoraeits

98 3363 186 3420 durch
204 3364 256 3418 dae
273 3361 444 3435 umgebende
461 3360 695 3417 Barbarenwesen
714 3361 799 3415 daran
816 3361 961 3429 gehindert
977 3362 1057 3417 wird.

184 3475 282 3559 Quam
303 3495 387 3574 legis,
411 3514 449 3555 ex
471 3495 523 3554 illa
544 3494 598 3553 tihi
619 3494 701 3553 venit
724 3494 851 3572 epistula
872 3500 960 3568 terra,

226 3582 319 3642 Latus
342 3580 394 3640 ubi
417 3580 574 3658 aequoreis
597 3579 717 3639 additur
738 3578 813 3640 Ister
836 3580 929 3656 aquis.

186 3667 217 3727 Si
239 3667 293 3727 tibi
316 3666 459 3744 contingit
481 3684 550 3725 eum
573 3664 655 3724 dulci
677 3666 739 3723 vita
760 3665 867 3739 salute,

898 3777 935 3831 9*
