2660 4224
219 239 259 301 20
388 235 541 289 Deucalion
558 235 614 287 und
632 232 746 303 Pyrrha.
782 233 848 288 Met.
863 233 884 294 I,
901 234 1044 285 348-415.

301 410 339 470 Et
360 410 459 471 velate
483 417 584 487 eaput,
609 412 785 487 einetasque
808 409 949 468 resolvite
971 414 1081 483 vestes,

305 495 444 574 Ossaque
467 502 535 573 post
557 502 674 574 tergum
695 513 823 571 magnae
845 495 957 554 iactate
980 493 1148 554 Parentis.“

346 580 525 659 Obstipuere
549 581 609 656 diu,
634 582 804 659 rumpitque
828 579 946 640 silentia
967 597 1044 640 voee

219 668 279 726 385
302 667 416 745 Pyrrha
437 668 517 744 prior
538 667 687 744 iussisque
711 666 788 726 deae
810 684 916 743 perere
938 671 1060 726 recusat

302 752 421 829 Detque
443 752 499 812 sibi
522 754 649 828 veniam,
673 752 783 829 pavido
806 758 966 828 negatore
989 757 1139 828 pavetque

302 837 437 897 Laedere
459 838 580 898 iactatis
602 844 754 897 maternas
777 836 896 897 ossibus
917 836 1049 896 umbras.

307 922 426 982 Interea
447 929 588 999 repetunt
610 924 713 983 eaeeis
735 923 867 982 obseura
888 921 1012 982 latebris

303 1008 404 1068 Verba
427 1008 517 1069 datae
539 1009 628 1068 sortis
650 1027 756 1069 seeum
777 1011 855 1067 inter
876 1026 971 1085 seque
993 1006 1140 1067 volutant.

220 1094 278 1151 390
302 1093 375 1153 Inde
398 1093 625 1154 Promethiades
646 1094 774 1171 placidis
795 1093 985 1170 Epimethida
1007 1093 1096 1152 dietis

302 1179 416 1239 Muleet
439 1185 479 1239 et:
506 1178 587 1253 „Aut
608 1180 731 1254 fallax“‚
756 1179 808 1253 ait,
832 1185 899 1252 „est
920 1178 1054 1238 sollertia
1075 1178 1174 1254 nobis,

303 1264 363 1323 Aut
384 1266 435 1341 pia
457 1271 527 1324 sunt
548 1263 725 1343 nullumque
747 1265 833 1324 nefas
855 1263 981 1324 oraeula
1002 1263 1141 1324 suadent.

303 1350 412 1426 Magna
434 1349 546 1409 Parens
568 1357 649 1410 terra
672 1357 730 1409 est:
755 1348 872 1427 lapides
894 1351 925 1408 in
948 1367 1073 1426 corpore
1097 1356 1198 1409 terrae

304 1434 382 1496 Ossa
402 1454 471 1495 reor
493 1435 563 1494 diei.
606 1435 711 1495 lacere
732 1435 789 1494 hos
811 1441 880 1513 post
901 1441 987 1512 terga
1007 1434 1179 1495 iubemur.“

221 1522 279 1579 395
306 1519 448 1598 Coniugis
471 1522 595 1599 augurio
619 1539 803 1598 quamquam
824 1519 941 1580 Titania
962 1527 1045 1580 mota
1067 1527 1122 1595 est,

304 1604 380 1684 Spes
402 1608 556 1666 tamenin
579 1607 671 1667 dubio
695 1613 753 1681 est;
779 1606 857 1666 adeo
880 1605 1063 1666 caelestibus
1087 1604 1176 1666 ambo

304 1692 451 1751 Diffidunt
472 1693 600 1751 monitis.
646 1690 708 1753 Sed
731 1692 803 1770 quid
825 1697 973 1769 temptare
995 1690 1137 1751 noeebitt

306 1776 474 1837 Discedunt
495 1777 658 1855 velantque
683 1784 775 1855 eaput
797 1778 977 1855 tunicasque
999 1778 1156 1854 recingunt

304 1862 341 1921 Et
362 1863 461 1922 iussos
482 1862 600 1940 lapides
622 1881 679 1922 sua
700 1870 769 1940 post
790 1864 918 1940 vestigia
939 1864 1068 1922 mittunt.

221 1951 281 2006 400
306 1945 390 2007 Saxa
405 1979 427 1988 -
444 1948 585 2024 quiahoc
602 1947 716 2023 credat,
736 1950 793 2007 nisi
808 1948 847 2008 sit
860 1967 915 2025 pro
930 1954 1007 2008 teste
1022 1949 1180 2010 vetustas‘l
1197 1981 1221 1991 -

305 2033 420 2092 Ponere
443 2033 583 2093 duritiem
606 2051 733 2111 coepere
757 2051 906 2110 suumque
928 2035 1056 2110 rigorem

304 2118 472 2195 Mollirique
494 2125 579 2178 more
600 2118 776 2196 mollitaque
800 2119 912 2179 ducere
934 2120 1070 2178 formam.

305 2204 384 2278 Mox,
408 2203 461 2263 ubi
484 2209 645 2264 creverunt
665 2209 834 2281 naturaque
857 2206 956 2265 mitior
976 2204 1035 2264 illis

221 2320 230 2327 ·
307 2288 446 2366 Contigit,
471 2296 505 2349 ut
527 2289 687 2367 quaedam,
710 2292 754 2349 sie
776 2308 836 2350 non
858 2291 1026 2365 manifesta,
1049 2291 1145 2351 videri

220 2377 281 2434 405
306 2375 415 2435 Forma
437 2381 537 2452 potest
558 2375 695 2448 hominis,
723 2376 778 2435 sed
801 2376 845 2435 uti
867 2375 905 2436 de
928 2394 1075 2436 marmore
1099 2382 1219 2454 eoepto,

307 2460 374 2520 Non
396 2466 508 2521 exacta
529 2463 611 2536 satis,
636 2460 823 2538 rudibusque
845 2461 996 2521 simillima
1017 2462 1118 2538 signis.

307 2547 392 2618 Quae
414 2552 517 2606 tamen
540 2566 578 2606 ex
599 2545 659 2606 illis
682 2547 783 2624 aliquo
805 2565 876 2624 pers
897 2546 1001 2607 umida
1022 2565 1097 2607 suoo

307 2629 344 2690 Et
366 2637 486 2691 terrena
507 2632 571 2705 fuit,
595 2650 684 2692 versa
707 2637 752 2691 est
774 2633 804 2691 in
827 2634 961 2708 eorporis
982 2651 1083 2707 usum;

308 2716 396 2789 Quod
419 2715 550 2776 solidum
572 2722 618 2776 est
639 2716 783 2794 flectique
805 2718 917 2794 nequit,
941 2723 1074 2778 mutatur
1088 2719 1118 2777 in
1133 2737 1219 2796 ossa3

222 2804 283 2860 410
308 2802 392 2873 Quae
415 2801 506 2861 modo
528 2802 691 2877 renotuit,
715 2800 772 2862 sub
796 2802 904 2862 eodem
925 2806 1044 2863 nomine
1066 2806 1189 2864 mansit:

306 2887 400 2964 Inque
423 2886 508 2947 brevi
530 2888 638 2965 spatio,
663 2884 848 2965 Superorum
868 2890 999 2964 numine,
1023 2908 1099 2950 saxa

306 2972 397 3032 Missa
418 2974 474 3032 viri
494 2971 634 3032 manibus
655 2973 765 3033 faeiem
786 2979 906 3034 traxere
928 2975 1068 3049 virorum,

306 3058 344 3117 Et
366 3058 405 3117 de
427 3058 556 3118 femineo
578 3063 719 3135 reparata
741 3064 787 3118 est
808 3060 920 3120 femina
941 3061 1033 3120 iactu.

306 3143 378 3204 Inde
401 3162 495 3220 genus
517 3144 627 3203 durum
648 3163 753 3204 sumus
776 3141 996 3222 experiensque
1018 3144 1165 3221 laborum,

223 3232 283 3287 415
306 3228 344 3289 Et
366 3230 550 3290 documenta
572 3229 689 3305 damus,
714 3249 775 3308 qua
796 3232 889 3291 simus
912 3231 1024 3308 origine
1046 3233 1118 3292 nati.

274 3351 352 3403 Noob
368 3350 453 3404 dieser
476 3351 739 3422 Wiederberstellunp
756 3352 801 3405 dee
817 3351 1114 3422 Mensobeaqesobleebte
1131 3354 1220 3425 brinpt

222 3446 277 3482 nun
305 3427 348 3481 die
373 3428 445 3482 urdo
474 3427 556 3480 durch
585 3428 642 3482 abre
668 3426 854 3497 Feuobtr'pleee’t
882 3429 939 3481 und
965 3428 1007 3483 de
1035 3428 1220 3486 mewirkondo

224 3508 426 3559 Sennenwltrme
443 3524 491 3560 aua
507 3506 564 3560 oieb
580 3507 659 3560 selbot
675 3504 778 3559 alerien·
801 3506 891 3558 Weaon
907 3506 1010 3573 berver,
1032 3507 1091 3561 teile
1101 3510 1219 3578 frithere

226 3584 369 3647 Galatica,
394 3581 452 3635 teile
475 3601 548 3637 neue.
589 3583 673 3636 Uuter
695 3581 744 3634 den
766 3582 889 3636 etatem
910 3584 977 3637 auct
999 3583 1041 3637 die
1057 3586 1219 3654 furebtbaro
