2660 4228
220 252 383 321 Apotheose
402 251 451 305 des
468 250 612 305 Romulus.
647 249 723 304 Fast.
735 250 772 312 11,
785 252 929 303 475-512.
1014 255 1073 317 107

70 432 136 489 240
204 428 288 488 Unus
311 428 349 488 de
371 426 468 486 Fabia
490 431 578 504 gente
601 424 725 486 relictus
749 430 826 485 crat:

162 514 286 575 Scilicet
308 519 342 573 ut
363 532 469 591 posses
492 512 562 571 olim
583 518 625 587 tu,
653 510 791 585 Maxime,
817 511 913 588 nasci,

206 599 262 659 Cui
284 618 332 659 res
355 598 528 660 cunctando
551 597 740 657 restituenda
761 598 846 657 foret.

308 864 361 936 32.
390 866 576 954 Apotheosc
600 864 658 931 des
680 864 849 933 Romulus.

459 986 518 1035 otu.
532 986 563 1038 11,
576 982 697 1032 155-515)

124 1090 181 1146 Am
200 1092 241 1142 17.
261 1088 394 1153 Februar,
419 1087 556 1142 naohdem
578 1086 628 1140 der
650 1088 690 1139 16,
710 1085 780 1140 ohne
798 1085 865 1140 Fest
882 1088 1005 1154 (vacuus)
1028 1103 1077 1155 ge-

72 1183 176 1231 wosen,
197 1182 256 1223 war
274 1166 324 1220 das
336 1164 404 1220 Post
421 1164 471 1220 des
484 1164 656 1230 Quirinus
674 1164 769 1228 (Name
788 1163 837 1217 dcs
852 1162 987 1220 Romulus
1004 1164 1075 1220 nach

72 1244 414 1379 qppqerslgprgbtterung).
451 1241 556 1296 Hiemit
579 1256 615 1294 uu
636 1238 814 1310 vorglcichen
837 1239 877 1295 St.
896 1242 938 1306 25,
961 1240 1073 1297 Metam.

73 1457 138 1513 475
161 1433 305 1515 Proxima
326 1454 380 1513 lux
401 1470 502 1512 vacua
525 1458 583 1511 est:
609 1452 752 1511 attertia
774 1449 856 1509 dieta
879 1450 1010 1522 Quirino.

206 1541 263 1612 Qui
285 1545 368 1600 tenet
389 1539 449 1598 hoc
470 1556 590 1610 nomen,
613 1536 761 1595 Romulus
784 1541 853 1594 ante
876 1536 944 1595 luit:

162 1624 232 1686 Sive
255 1625 337 1701 quod
359 1625 449 1682 hasta
472 1624 552 1681 euris
574 1622 681 1698 priscis
704 1626 750 1679 est
773 1619 855 1678 dicta
877 1618 1005 1690 Sabinis,

204 1710 339 1769 Bellicus
362 1727 380 1768 a
401 1707 463 1765 telo
486 1706 619 1765 venitin
642 1712 723 1764 astra
746 1704 834 1779 deus,

164 1795 234 1855 Sive
257 1812 313 1852 suo
335 1794 398 1869 regi
419 1809 530 1849 nomen
551 1808 681 1868 posuere
704 1788 843 1864 Quirites,

75 1885 141 1941 480
209 1877 271 1939 Seu
294 1879 365 1955 quia
386 1876 529 1938 Romanis
550 1877 690 1935 iunxerat
711 1875 761 1935 ille
786 1873 888 1935 Cures.

164 1966 242 2026 Nam
264 1970 351 2042 pater
373 1963 555 2040 armipotens
577 1967 738 2040 postquam
759 1980 839 2020 nova
860 1963 979 2023 moenia
1000 1965 1075 2026 vidit

207 2051 362 2127 Multaque
384 2048 534 2109 Romulea
556 2047 637 2107 bella
659 2054 785 2125 peracta
806 2066 910 2107 manu:

165 2137 345 2215 „luppiter“,
368 2136 473 2212 inquit,
498 2133 611 2208 „habet
633 2132 770 2193 Romana
792 2135 928 2210 potentia
949 2135 1039 2208 vires,

207 2221 365 2299 Sanguinis
388 2220 489 2280 officio
510 2238 571 2278 non
594 2225 664 2295 eget
684 2219 738 2277 illa
758 2220 828 2277 mei.

76 2311 139 2368 485
163 2308 271 2368 Redde
294 2307 371 2385 patri
393 2302 510 2364 natuml
535 2304 678 2374 Quamvis
700 2303 853 2361 intercidit
876 2303 962 2376 alter,

206 2393 264 2451 Pro
287 2411 320 2451 se
343 2407 458 2468 proque
480 2389 585 2464 Remo,
610 2389 662 2465 qui
683 2387 755 2447 mihi
776 2393 879 2461 restat,
905 2389 968 2445 erit.

165 2478 291 2554 „„Unus
314 2477 378 2550 erit,
402 2493 494 2551 quem
515 2479 550 2532 tu
570 2472 660 2532 tolles
682 2473 713 2530 in
736 2471 859 2530 caerula
882 2471 1000 2531 eaeli““

206 2563 253 2623 Tu
274 2562 346 2620 mihi
369 2560 486 2633 dixisti;
512 2560 570 2617 sint
592 2563 659 2616 rata
682 2557 764 2616 dicta
784 2555 894 2615 Iovis.“

164 2650 296 2728 luppiter
320 2647 477 2705 adnuerat.
522 2643 604 2703 Nutu
626 2642 821 2702 tremefactus
843 2648 970 2719 uterque

80 2739 142 2795 490
206 2734 260 2793 Est
281 2733 379 2811 polus,
403 2735 434 2791 et
458 2728 534 2789 caeli
556 2729 693 2806 pondera
714 2728 807 2787 movit
828 2727 922 2787 Atlas.

165 2820 218 2880 Est
239 2819 334 2894 locus,
361 2818 476 2893 antiqui
499 2813 635 2893 Capreae
659 2815 762 2874 dixere
785 2814 939 2892 paludem:

209 2906 298 2964 Forte
321 2905 381 2963 tuis
403 2902 473 2978 illic,
497 2900 634 2976 Romule,
659 2902 726 2960 iura
748 2900 854 2959 dabas.

167 2989 219 3052 Sol
241 2991 325 3067 fugit,
349 2995 380 3048 et
401 2993 556 3048 removent
578 2987 741 3046 subeuntia
761 2985 867 3044 nubila
889 2985 1017 3062 caelum,

207 3075 245 3136 Et
266 3076 364 3153 gravis
387 3074 490 3133 effusis
513 3071 626 3132 decidit
647 3071 744 3130 imber
766 3071 861 3148 aquis.

83 3166 143 3223 495
167 3162 243 3221 Hinc
265 3167 358 3237 tonat,
382 3161 452 3219 hinc
475 3159 573 3218 missis
590 3157 777 3234 abrumpitur
798 3157 917 3233 ignibus
940 3157 1052 3216 aether.

210 3247 258 3307 Fit
279 3247 358 3323 iuga.
403 3245 470 3304 Rex
492 3243 596 3321 patriis
619 3249 702 3302 astra
722 3243 846 3320 petebat
870 3243 964 3319 equis.

167 3334 282 3393 Luctus
305 3338 378 3405 crat,
401 3329 557 3406 falsaeque
579 3333 681 3406 patres
703 3329 734 3386 in
757 3329 879 3386 erimine
903 3328 1014 3402 caedis,

210 3417 424 3494 Haesissetque
448 3416 553 3476 animis
576 3414 699 3473 forsitan
720 3413 772 3472 illa
794 3413 884 3471 fides:

169 3503 230 3564 Sed
252 3501 359 3581 procul
382 3520 398 3562 e
419 3501 523 3579 Longa
544 3499 687 3560 veniebat
708 3498 801 3557 lulius
822 3497 909 3572 Alba,

86 3595 146 3651 500
211 3589 357 3666 Lunaque
378 3587 521 3665 fulgebat,
545 3604 603 3646 nso
626 3586 701 3644 facis
723 3603 797 3643 usus
820 3588 892 3657 erat,
