2660 4224
234 241 275 301 70
387 233 446 288 Der
461 233 523 288 Tod
540 232 591 286 des
607 231 749 286 Hercules.
785 229 850 285 llet.
862 229 912 295 lx,
929 231 1070 283 lot-272.

319 409 443 481 Stemis‚
470 413 501 467 et
521 408 651 485 inposite
674 405 779 467 clavae
802 407 921 466 cervice
942 406 1102 481 recumbis,

318 496 399 556 Haut
422 494 479 554 alio
502 493 597 565 vultu,
621 512 712 570 quam
734 494 760 551 si
782 493 910 552 conviva
930 492 1049 552 iaceres

318 581 398 640 Inter
419 579 513 657 plena
532 579 608 638 meri
629 577 784 638 redimitus
806 577 918 656 pocula
939 578 1036 637 sertis.

360 665 484 743 lamque
506 664 611 725 valens
634 670 665 723 et
684 664 716 722 in
738 681 825 723 omne
847 663 927 724 latus
955 663 1065 723 diffusa
1086 662 1235 741 sonabat,

235 754 296 811 240
320 750 512 828 Securosque
536 755 619 813 artus
642 756 938 827 contemptoremque
960 748 1085 825 petebat
1302 748 1304 905 q

318 837 456 897 Flamma
476 855 575 896 suum.
621 834 758 895 Timuere
782 835 823 895 dii
844 854 898 912 pro
921 833 1040 894 vindice
1062 841 1175 895 terrae.

319 922 401 995 Quos
423 923 466 982 ita
488 953 510 962 -
533 922 628 982 sensit
649 922 728 981 enim
751 951 773 960 -
795 920 877 981 laeto
899 918 1057 980 Saturnius
1078 938 1132 980 ore

317 1008 449 1086 luppiter
464 1007 648 1085 adloquitur:
672 1006 803 1082 „Nostra
825 1012 872 1066 est
892 1007 980 1066 timor
1000 1006 1058 1066 iste
1074 1005 1233 1084 voluptas,

319 1093 344 1154 Ο
368 1092 490 1172 Superi!
513 1099 639 1171 totoque
660 1092 760 1153 libens
781 1092 852 1151 mihi
872 1097 997 1168 pectore
1019 1098 1128 1170 grator,

234 1183 295 1239 245
319 1179 407 1251 Quod
429 1180 568 1238 memoris
589 1177 694 1256 populi
715 1178 801 1237 dicor
821 1183 981 1255 rectorque
1003 1183 1162 1255 paterque,

318 1264 355 1323 Et
375 1282 445 1324 mea
466 1265 623 1341 progenies
644 1269 745 1323 vestro
768 1280 889 1340 quoque
911 1268 977 1323 tuta
997 1262 1101 1323 lavore
1124 1270 1184 1324 est.

318 1349 396 1409 Nam
417 1368 602 1426 quamquam
622 1349 716 1426 ipsius
739 1347 829 1408 datur
857 1348 917 1408 hoc
944 1349 1115 1409 inmanibus
1139 1351 1231 1424 actis,

319 1433 441 1512 Obligor
462 1435 527 1513 ipse
550 1441 659 1494 tamen.
704 1431 766 1493 Sed
789 1434 875 1508 enim,
899 1452 937 1494 ne
959 1440 1086 1511 pectora
1106 1453 1192 1496 vano

317 1520 394 1580 Fida
415 1525 498 1580 metu
519 1526 657 1598 paveant,
682 1518 812 1579 Oetaeas
834 1520 964 1597 spernite
987 1519 1133 1580 flammas.

235 1609 295 1666 250
318 1605 426 1666 Omnia
448 1606 499 1683 qui
520 1607 601 1681 vicit,
624 1606 733 1680 vincet,
757 1623 834 1683 quos
857 1606 987 1679 cernitis,
1009 1607 1102 1682 ignes,

318 1692 382 1751 Nec
403 1691 461 1751 nisi
482 1697 619 1752 materna
640 1690 810 1751 Vulcanum
830 1698 916 1768 parte
937 1697 1091 1769 potentem

319 1775 443 1837 Sentiet.
477 1775 640 1836 Aeternum
663 1783 716 1852 est,
742 1796 760 1836 a
779 1795 827 1836 me
843 1776 925 1855 quod
940 1777 1039 1851 traxit,
1064 1783 1094 1836 et
1117 1796 1231 1857 expers

317 1861 416 1939 Atque
438 1863 559 1921 inmune
579 1863 673 1935 necis,
696 1861 840 1940 nullaque
863 1862 1014 1923 domabile
1036 1861 1171 1924 flamma.

318 1947 413 2024 quue
436 1965 499 2024 ego,
525 1947 700 2007 defunctum
721 1953 811 2022 terra,
835 1946 1019 2009 caelestibus
1041 1949 1101 2008 oris

234 2034 295 2092 255
317 2031 482 2109 Accipiam,
508 2033 686 2108 cunctisque
707 2050 808 2092 meum
829 2031 972 2094 laetabile
993 2034 1108 2094 lactum

318 2118 370 2176 Dis
390 2119 454 2177 fore
478 2117 607 2177 confido.
652 2115 684 2177 Si
707 2119 774 2195 quis
796 2124 897 2178 tamen
918 2118 1056 2196 Hercule,
1080 2120 1203 2199 siquis
1303 2122 1304 2131 ’

317 2202 407 2263 Forte
429 2203 487 2263 deo
511 2203 657 2263 doliturus
681 2204 743 2279 erit,
768 2203 841 2263 data
861 2206 996 2281 praemia
1016 2204 1116 2265 nolet:

319 2287 380 2348 Sed
402 2290 546 2350 meruisse
570 2289 635 2348 dari
656 2289 741 2364 sciet,
764 2290 935 2367 invitusque
957 2290 1129 2367 probabit.“

316 2373 480 2435 Assensere
503 2375 556 2449 dii;
582 2375 713 2435 coniunx
735 2393 856 2452 quoque
878 2377 961 2454 regia
981 2377 1048 2437 visa
1069 2383 1117 2436 est

233 2463 295 2519 260
319 2458 428 2521 Cetera
450 2479 510 2520 non
533 2460 618 2535 duro,
642 2460 717 2520 duro
740 2467 841 2520 tamen
863 2459 968 2521 ultima
989 2461 1076 2521 vultu

316 2545 405 2605 Dicta
426 2546 531 2606 tulisse
552 2545 640 2620 Iovis,
663 2564 757 2622 seque
779 2545 944 2606 indoluisse
965 2553 1110 2607 notatam.

315 2630 434 2690 Interea
456 2632 669 2709 quodcumque
691 2631 747 2691 fuit
768 2631 941 2709 populabile
963 2632 1112 2706 flammae,

316 2714 462 2776 Mulciber
484 2716 664 2790 abstulerat;
687 2734 745 2776 nec
768 2718 982 2794 cognoscenda
1002 2720 1147 2779 remansit

316 2800 454 2861 Herculis
477 2802 599 2879 efligies,
622 2818 680 2861 nec
703 2803 867 2879 quicquam
890 2802 928 2863 ab
947 2804 1075 2882 imagine
1098 2805 1226 2866 ductum
1303 2830 1304 2855 i

233 2887 293 2946 265
316 2887 419 2947 Matris
440 2886 533 2947 habet
555 2893 732 2964 tantumque
754 2886 832 2947 Iovis
853 2890 979 2967 vestigia
1000 2896 1109 2949 servet.

316 2971 414 3050 thue
436 2991 533 3033 novus
555 2991 688 3050 serpens,
711 2973 809 3050 posita
832 2992 902 3034 cum
923 2973 1002 3052 pelle
1025 2984 1160 3051 senecta,

315 3057 481 3119 Luxuriare
503 3058 581 3119 solet
601 3076 789 3136 squamaque
811 3060 907 3120 virere
930 3061 1056 3120 recenti:

316 3141 367 3202 Sic
388 3144 441 3204 ubi
463 3144 604 3204 mortales
626 3143 795 3222 Tirynthius
821 3145 905 3204 exuit
926 3152 1018 3218 artus,

316 3228 404 3289 Parte
426 3231 473 3290 sui
494 3230 616 3290 meliore
638 3230 726 3306 viget,
750 3230 905 3307 maiorque
927 3231 1021 3291 videri

234 3315 293 3372 270
318 3312 433 3393 Coepit,
458 3322 488 3375 et
511 3322 639 3394 augusta
660 3315 725 3375 fieri
746 3315 891 3393 gravitate
914 3316 1072 3376 verendus.
1134 3343 1136 3347 ·

316 3400 412 3472 Quem
433 3400 522 3461 Pater
544 3402 731 3478 omnipotens
753 3402 830 3459 inter
853 3419 929 3460 cava
949 3401 1055 3462 nubila
1077 3412 1200 3482 raptum

316 3484 498 3565 Quadriiugo
523 3505 612 3547 curru
635 3485 822 3545 radiantibus
844 3486 942 3546 intulit
965 3489 1061 3548 astris.
