2660 4224
244 253 284 314 16
386 248 555 305 Vardarbnia
573 250 623 303 dar
641 247 796 305 Menachan.
831 248 934 314 11111,
951 251 1094 312 too-aar.

330 423 488 503 Coeperat.
533 424 645 484 Inridet
665 425 760 501 primo
783 424 834 501 pia
854 431 926 485 vota
947 424 1078 503 Lycaon,

328 510 399 570 Mox
422 512 475 570 ait:
501 509 673 588 „Experian
699 509 775 569 deus
797 509 855 584 hic,
880 509 1051 571 discrimine
1075 517 1191 589 aperto,

328 595 375 656 An
397 597 435 655 sit
456 594 606 670 mortalis;
630 614 688 655 neo
712 596 768 654 erit
791 594 958 655 dubitabile
979 600 1115 656 verum.“

329 682 425 742 Nocte
448 700 569 759 gravem
591 698 695 741 somno
718 682 869 758 necopina
889 680 1016 759 perdere
1038 688 1133 743 morte

244 770 304 827 225
328 767 375 827 Μ1
397 773 497 845 parat:
521 767 599 827 11111
621 766 664 827 1111
685 765 786 845 placet
809 768 994 844 experientia
1014 770 1087 827 veri.

328 852 393 912 Nec
417 859 577 913 contentus
600 871 646 927 eo,
669 853 752 912 missi
775 852 813 911 de
835 859 924 929 gente
946 851 1078 913 Molossa

328 937 450 998 Obsidis
471 940 560 998 unius
582 937 718 1016 iugulum
739 956 884 998 mucrona
904 939 1035 1013 resolvit,

329 1024 429 1102 Atque
451 1026 495 1084 ita
517 1025 686 1084 semineces
707 1025 816 1101 partim
838 1023 1024 1083 ferventibus
1047 1030 1129 1084 artus

327 1110 425 1170 Mollit
447 1111 543 1187 aquis,
566 1111 674 1189 partim
697 1108 835 1168 subiecto
857 1110 964 1168 torruit
985 1111 1055 1186 igni.

244 1197 305 1254 2³0
330 1196 413 1268 Quos
435 1196 523 1255 simul
544 1196 677 1273 inposuit
697 1196 818 1269 mensis,
843 1212 898 1271 ego
921 1194 1041 1255 vindice
1063 1195 1188 1256 flamma

328 1281 362 1340 In
384 1280 504 1340 domino
528 1280 633 1357 dignos
656 1281 749 1339 everti
770 1285 854 1339 tecta
875 1286 1012 1357 penates.

329 1366 462 1426 Territus
482 1367 547 1443 ipse
569 1366 645 1442 fugit
665 1370 835 1442 nactusque
857 1364 976 1424 silentia
997 1367 1074 1426 ruris

329 1450 472 1511 Exululat
493 1451 664 1528 frustraque
686 1450 769 1527 loqui
793 1456 931 1509 conatur:
957 1449 996 1510 ab
1018 1451 1084 1528 ipso

331 1536 451 1615 Colligit
473 1555 507 1598 os
528 1537 653 1609 rabiem,
676 1536 843 1612 solitaeque
866 1535 1006 1613 cupidine
1031 1537 1135 1597 caedis

245 1624 305 1681 235
329 1622 459 1683 Vertitur
472 1625 502 1682 in
518 1622 663 1700 pecudes,
682 1627 711 1680 11
724 1639 806 1681 nunc
822 1640 943 1699 quoque
957 1624 1103 1699 sanguine
1118 1625 1245 1701 gaudet.

329 1709 362 1768 In
383 1709 471 1769 villos
494 1708 607 1767 abeunt
629 1713 738 1782 vestes,
761 1709 792 1766 in
815 1725 904 1766 crura
925 1707 1043 1767 lacerti:

328 1793 377 1853 Fit
398 1794 498 1870 lupus,
523 1800 553 1854 et
573 1794 685 1853 veteris
707 1798 808 1853 servat
829 1794 957 1869 vestigia
977 1793 1107 1868 formae;

331 1877 463 1938 Canities
485 1878 595 1938 eadem
617 1884 671 1953 est,
697 1879 804 1937 eadem
825 1878 969 1938 violentia
989 1878 1100 1951 vultus,

328 1962 413 2024 Idem
435 1963 516 2023 oculi
538 1963 651 2036 lucent,
676 1962 784 2022 eadem
805 1963 931 2023 feritatis
952 1964 1061 2040 imago.

245 2050 307 2109 240
332 2049 452 2109 Occidit
472 2066 535 2108 una
557 2048 674 2108 domus.
719 2046 780 2108 Sed
802 2066 862 2107 non
885 2049 992 2108 domus
1013 2068 1076 2109 una
1097 2053 1196 2128 perire

329 2134 427 2212 Digna
448 2135 519 2194 fuit:
544 2152 605 2211 qua
625 2140 707 2193 terra
728 2140 822 2212 patet,
845 2133 910 2193 fera
930 2140 1038 2211 regnat
1058 2135 1173 2216 Erinys.
1317 2128 1319 2193 l

329 2220 362 2280 In
384 2221 501 2280 facinus
522 2221 639 2279 iurasse
662 2223 760 2297 putes.
805 2219 882 2279 Dent
905 2221 991 2279 ocius
1012 2239 1126 2296 omnes,

330 2305 412 2379 Quas
434 2324 571 2365 meruere
593 2306 665 2384 pati,
690 2305 734 2363 sic
756 2311 817 2364 stat
838 2307 995 2381 sententia,
1019 2308 1166 2384 poenas.“

371 2391 461 2451 Dicta
474 2391 552 2451 lovis
567 2409 637 2469 pars
651 2407 728 2450 voce
743 2390 873 2467 probant
887 2391 1084 2469 stimulosque
1103 2393 1245 2457 frementi

245 2478 305 2535 245
329 2477 480 2553 Adiciunt,
505 2477 556 2537 alii
577 2481 679 2554 partes
702 2476 880 2535 adsensibus
901 2475 1025 2554 inplent.

329 2562 382 2622 Est
404 2570 505 2622 tamen
527 2563 651 2622 humani
675 2562 792 2638 generis
813 2564 932 2621 iactura
955 2561 1049 2622 dolori

329 2647 485 2722 Omnibus,
508 2653 539 2706 et
560 2665 639 2724 quae
662 2649 700 2706 sit
721 2653 820 2706 111111
841 2647 1019 2707 mortalibus
1041 2648 1134 2709 orbae

328 2732 439 2792 Forma
459 2733 569 2806 futura,
592 2738 713 2808 rogant3
737 2733 805 2808 quis
826 2733 865 2792 sit
886 2731 1002 2793 laturus
1022 2734 1053 2792 in
1076 2752 1144 2794 aras

329 2817 429 2877 Tural
450 2817 558 2877 ferisne
581 2823 668 2895 paret
689 2816 880 2894 populandas
901 2818 1022 2879 tradere
1045 2820 1163 2879 terrasi

246 2905 306 2963 250
329 2903 413 2963 Τ1111
436 2909 654 2981 quaerentes-
670 2902 727 2962 sibi
750 2904 829 2962 enim
850 2904 914 2963 fore
937 2911 1040 2965 cetera
1062 2922 1154 2965 curae
1171 2939 1194 2948 -

329 2989 397 3049 Rex
418 2995 562 3067 superum
583 2988 734 3066 trepidare
756 2994 848 3063 vetat,
872 2988 1071 3067 subolemque
1092 2992 1184 3068 priori

328 3073 506 3135 Dissimilem
528 3073 641 3152 populo
663 3075 808 3151 promittit
829 3076 942 3152 origine
965 3077 1049 3135 mira.

328 3160 451 3237 Iamque
476 3161 592 3220 eratin
613 3165 694 3220 totas
715 3178 874 3237 sparsurus
895 3160 1021 3220 fulmina
1041 3166 1150 3220 terras:

330 3244 391 3306 Sed
412 3247 519 3320 timuit,
542 3263 580 3305 ne
602 3245 679 3304 forte
701 3251 855 3305 11111111
878 3244 916 3304 ab
939 3245 1058 3321 ignibus
1082 3247 1187 3307 aether

245 3333 304 3390 255
330 3328 510 3410 Conciperet
531 3330 669 3391 flammas
689 3330 858 3408 longusque
881 3329 1056 3391 ardesceret
1077 3333 1152 3392 axis.

327 3415 546 3496 Essequoque
567 3418 598 3476 in
620 3417 690 3477 fatis
711 3415 919 3489 reminiscitur,
944 3416 1047 3476 adfore
1069 3423 1197 3497 tempus,

329 3502 396 3574 Quo
417 3522 509 3579 mare,
534 3521 593 3580 quo
616 3501 715 3576 tellus,
740 3506 938 3578 correptaque
960 3504 1045 3580 regia
1067 3503 1145 3564 caeli

328 3586 442 3647 Ardent
465 3596 495 3649 11
516 3589 620 3648 mundi
640 3584 736 3645 molas
758 3603 886 3663 operosa
907 3586 1032 3648 laboret.
