2660 4228
208 281 266 338 Des
283 280 415 337 Dichters
432 281 534 336 Leben.
569 280 654 335 Trist.
670 279 719 345 IV,
736 282 777 343 1o,
794 282 902 335 1-132.
994 286 1052 349 127

143 457 229 532 Cum,
253 457 343 517 maris
363 455 473 517 Euxini
494 457 609 533 positos
632 455 671 514 ad
693 457 791 530 laeva,
815 456 948 517 Tomitas

185 544 338 616 Quaerere
360 560 408 602 me
430 542 506 601 laesi
528 541 672 619 principis
693 541 738 600 ira
759 542 852 601 iubet.

143 628 245 689 Causa
266 647 361 702 meae,
387 628 505 687 cunctis
525 627 651 686 nimium
673 645 795 705 quoque
817 634 899 704 uota,
923 629 1029 689 ruinae

58 720 117 775 100
184 714 297 773 Indicio
319 731 381 773 non
404 720 450 775 est
471 712 665 772 testificanda
685 731 764 773 meo.
973 710 1055 793 [tesi

142 800 223 873 Quid
245 800 374 859 referam
397 800 601 875 comitumque
623 798 709 857 nefas
730 797 923 876 famulosque
936 817 1054 859 nocen-

184 886 253 963 lpsa
275 884 371 944 multa
392 883 448 944 tuli
468 901 529 942 non
550 882 666 943 leviore
687 883 767 961 fuga.

140 971 298 1048 Indignata
319 969 406 1030 malis
429 987 513 1029 mens
538 974 583 1028 est
604 968 815 1041 succumbere,
839 986 934 1046 seque

185 1056 337 1116 Praestitit
359 1055 503 1114 invictam
525 1053 637 1112 viribus
659 1071 717 1112 usa
738 1055 816 1126 suis3

60 1148 117 1204 105
143 1142 323 1219 Oblitusque
347 1141 405 1200 mei
428 1139 603 1216 ductaeque
625 1157 680 1216 per
702 1139 764 1198 otia
785 1140 875 1213 vitae,

184 1228 308 1288 Insolita
331 1226 398 1304 cepi
420 1225 564 1303 temporis
587 1242 671 1284 arma
693 1242 798 1299 manu,

143 1314 260 1391 Totque
283 1311 338 1371 tuli
361 1329 451 1371 casus
473 1310 583 1389 pelago
606 1314 755 1385 terraque,
781 1316 854 1387 quot
876 1310 953 1369 inter

185 1398 349 1459 Occultum
369 1396 476 1457 stellae
500 1395 759 1472 conspicuumque
780 1394 893 1472 polum.

142 1487 239 1545 Tacta
259 1483 331 1542 mihi
352 1482 484 1555 tandem,
507 1482 604 1558 longis
627 1480 780 1540 erroribus
803 1485 883 1552 acto,

62 1576 119 1630 110
185 1570 292 1629 Iuncta
313 1568 495 1647 pharetratis
518 1564 664 1626 Sarmatis
686 1583 740 1625 ora
762 1564 853 1624 Getis.

143 1655 199 1714 Hic
223 1673 279 1731 ego
301 1654 433 1712 finitimis
448 1652 593 1727 quamvis
615 1652 822 1710 circumsonor
844 1651 943 1725 armis,

187 1740 304 1812 Tristia,
329 1756 388 1814 quo
410 1755 542 1813 possum,
568 1737 699 1795 carmine
722 1736 785 1795 fata
807 1735 891 1809 levo3

146 1824 243 1897 Quod,
268 1823 405 1899 quamvis
426 1839 515 1881 nemo
539 1826 594 1895 est,
618 1822 703 1880 cuius
725 1822 873 1882 reseratur
893 1820 932 1881 ad
956 1838 1054 1900 aures,

190 1907 240 1967 Sic
262 1914 364 1967 tamen
387 1906 513 1967 absumo
536 1905 715 1984 decipioque
739 1906 828 1966 diem.

65 1998 122 2055 115
146 1995 222 2073 Ergo
245 1994 326 2070 quod
348 1993 416 2052 vivo
440 1992 582 2069 durisque
605 1991 760 2052 laboribus
783 1992 880 2068 obsto,

187 2080 252 2140 Nec
275 2097 323 2138 me
345 2078 493 2138 sollicitae
515 2078 618 2138 taedia
639 2077 717 2137 lucis
739 2077 866 2137 habent:

146 2166 256 2239 Gratia,
279 2165 374 2239 Musa,
398 2162 467 2224 tihil
491 2181 562 2223 nam
583 2168 618 2221 tu
639 2163 755 2222 solacia
776 2163 914 2240 praebes,

187 2251 233 2311 Tu
257 2268 348 2310 curae
370 2248 499 2327 requies,
524 2255 558 2308 tu
580 2248 732 2306 medicina
753 2248 847 2306 venis.

144 2338 190 2399 Tu
213 2338 277 2397 dux
300 2342 330 2394 et
353 2352 455 2394 comes
479 2351 527 2407 es3
551 2339 585 2392 tu
606 2350 662 2391 nos
686 2330 815 2391 abducis
838 2332 876 2391 ab
898 2331 984 2408 Istro,

64 2427 121 2483 120
188 2422 221 2481 ln
243 2420 405 2497 medioque
428 2418 500 2477 mihi
523 2418 579 2477 das
601 2415 746 2476 Helicone
769 2416 880 2475 locum.

145 2508 191 2566 Tu
212 2505 294 2579 mihi,
319 2504 400 2582 quod
423 2521 524 2563 rarum
547 2507 602 2577 est,
625 2502 694 2561 vivo
717 2501 846 2579 sublime
869 2502 979 2562 dedisti

188 2591 315 2661 Nomen,
341 2590 379 2649 ab
402 2588 556 2665 exsequiis
578 2587 660 2664 quod
683 2588 756 2647 dare
778 2587 859 2647 fame
880 2589 966 2649 solet.

146 2679 220 2752 Nec,
244 2677 297 2754 qui
319 2676 469 2735 detrectat
491 2673 669 2751 praesentia,
693 2672 770 2732 livor
791 2673 893 2750 iniquo

164 2801 170 2809 =
189 2763 290 2823 Ullum
313 2761 351 2822 de
373 2760 484 2821 uostris
506 2759 597 2819 dente
619 2758 780 2818 momordit
801 2777 888 2837 opus.

67 2854 123 2910 125
147 2851 223 2908 Nam
245 2847 368 2907 tulerint
389 2863 513 2924 magnos
537 2864 607 2905 cum
628 2843 754 2905 saecula
775 2850 878 2904 nostra
900 2852 1017 2922 poetas,

191 2935 257 2994 Non
279 2933 334 2993 fuit
355 2933 474 3010 ingenio
496 2931 577 2991 fama
598 2930 731 3008 maligna
753 2948 830 2989 mec.

148 3018 285 3096 Cumque
308 3036 363 3096 ego
383 3034 568 3094 praeponam
583 3015 694 3075 multos
710 3014 790 3088 mihi,
813 3032 874 3073 non
889 3015 985 3074 minor
999 3013 1057 3074 illis

190 3105 290 3176 Dicor,
315 3110 345 3163 et
366 3104 396 3163 in
417 3108 481 3162 toto
504 3101 650 3179 plurimus
672 3100 746 3160 orbe
767 3099 861 3177 legor.

148 3189 181 3251 Si
203 3189 276 3266 quid
297 3188 412 3248 habent
433 3188 524 3264 igitur
544 3191 648 3245 vatum
669 3188 829 3263 praesagia
849 3186 922 3259 veri,

69 3280 125 3337 130
191 3274 330 3334 Protinus
351 3280 385 3333 ut
405 3273 525 3346 moriar,
547 3289 608 3331 non
631 3289 691 3343 ero,
715 3277 805 3344 terra,
828 3276 907 3330 tuus.

150 3359 220 3423 Sive
242 3359 345 3418 favore
367 3358 431 3431 tuli,
455 3358 518 3417 sive
541 3356 621 3416 hanc
643 3373 699 3433 ego
724 3357 855 3416 carmine
878 3356 1002 3414 famam:

191 3445 259 3505 Iure
281 3444 336 3504 tibi
357 3449 467 3521 grates,
490 3441 621 3503 candide
643 3441 750 3519 lector,
774 3459 839 3518 ago.
