2660 4228
257 307 317 367 116
373 303 414 356 Im
432 301 541 358 Sturma
558 299 610 355 auf
624 300 673 355 der
690 297 828 356 Soefahrt.
865 299 1028 366 Trist.1,2,
1045 302 1138 358 1—64.

339 478 478 551 Quantae
502 480 626 540 diducto
649 479 810 540 subsidunt
832 494 962 555 aequore
985 475 1095 538 vailest

382 563 444 623 Iam
466 566 526 624 iam
548 572 684 625 tacturas
705 564 831 624 Tartara
851 563 937 640 nigra
957 568 1056 640 putes.

340 650 539 727 Quocumque
563 652 686 728 aspicio,
713 648 787 709 nihil
810 654 864 723 cst,
888 649 945 708 nisi
971 655 1083 727 pontus
1106 656 1138 709 et
1161 655 1221 726 adr,
1309 678 1310 711 ι

381 733 541 795 Fluctibus
562 736 612 795 hic
634 735 777 811 tumidus,
800 734 932 794 nubibus
954 734 1006 794 ille
1027 735 1141 794 minax.

276 822 315 877 25
339 820 421 880 Inter
441 827 602 897 utrumque
624 821 754 880 fremunt
775 821 887 879 inmani
909 838 1060 878 murmure
1084 822 1177 880 venti:

382 906 494 980 Nescit,
520 908 569 966 cui
592 906 713 966 domino
735 913 849 984 pareat,
874 903 956 964 unda
978 905 1078 964 maris.

339 990 417 1050 Nam
438 991 529 1051 modo
551 1009 704 1070 purpureo
727 993 805 1051 vires
828 991 909 1069 capit
929 988 1027 1049 Eurus
1051 989 1090 1049 ab
1113 996 1190 1067 ortu,

382 1076 470 1136 Nunc
492 1077 648 1157 Zephyrus
670 1095 738 1137 saro
761 1093 887 1154 vespere
909 1076 1019 1135 missus
1042 1075 1139 1151 adest,

340 1160 429 1222 Nunc
452 1162 569 1239 gelidus
592 1164 676 1222 sicca
697 1161 810 1222 Boreas
832 1159 1002 1221 bacchatur
1024 1160 1063 1220 ab
1086 1159 1190 1237 Arcto,

277 1247 317 1304 30
382 1246 470 1306 Nunc
492 1247 589 1308 Notus
612 1249 741 1308 adversa
762 1247 879 1326 proelia
901 1246 997 1306 fronte
1020 1247 1105 1323 gerit.

339 1331 453 1391 Rector
475 1334 505 1391 in
527 1334 643 1394 incerto
668 1339 722 1408 est,
745 1350 804 1392 nec
827 1332 900 1410 quid
922 1332 1055 1409 fugiatve
1076 1339 1213 1409 petatve,

381 1416 511 1491 Invenit3
536 1417 684 1495 ambiguis
707 1436 756 1477 ars
778 1423 880 1496 stupet
901 1418 967 1495 ipsa
988 1418 1084 1477 malis.

340 1500 465 1563 Scilicet
487 1503 665 1577 occidimus,
688 1520 747 1563 nec
769 1521 839 1582 spes
862 1508 908 1563 est
930 1501 994 1563 ull'a
1015 1503 1130 1578 salutis,

382 1588 521 1666 Dumque
543 1590 660 1666 loquor,
683 1588 785 1649 vultus
808 1588 907 1648 obruit
929 1589 1012 1648 unda
1033 1607 1127 1648 meos.

278 1673 316 1729 35
341 1672 496 1751 Opprimat
518 1675 598 1734 hauc
622 1676 750 1734 animam
772 1673 893 1745 fluctus,
921 1673 1094 1750 frustraque
1117 1677 1252 1753 precanti

383 1758 442 1819 Ore
464 1766 627 1820 necaturas
651 1760 835 1839 accipiemus
858 1777 961 1837 aquas.
1311 1778 1314 1893 p

340 1842 379 1903 At
401 1847 451 1922 pia
472 1846 514 1904 nil
537 1845 619 1905 aliud
642 1863 733 1921 quam
755 1863 803 1904 me
828 1844 911 1905 dolet
933 1843 1038 1905 exsule
1062 1845 1211 1906 coniunx:

383 1929 448 1988 Hoc
470 1948 563 1989 unum
585 1931 680 1989 nostri
701 1931 819 2006 scitque
843 1932 995 2008 gemitque
1018 1930 1099 1990 maii.

339 2014 445 2074 Nescit
466 2017 496 2073 in
517 2016 654 2074 inmenso
675 2015 782 2074 iactari
805 2032 933 2093 corpora
954 2021 1055 2092 ponto,

275 2100 316 2155 40
382 2099 487 2159 Nescit
510 2101 558 2176 agi
579 2100 685 2175 ventis,
708 2101 808 2159 nescit
830 2099 938 2161 adesse
960 2119 1077 2160 necem.

342 2183 367 2244 Ο
390 2185 477 2261 beno,
502 2184 584 2262 quod
606 2203 666 2244 non
688 2204 756 2245 sum
774 2202 894 2245 mecum
911 2186 1119 2247 conscendere
1134 2206 1252 2265 passus,
1314 2202 1315 2259 t

382 2269 428 2330 Nc
450 2271 522 2330 mihi
542 2289 623 2332 mors
645 2271 754 2331 misero
776 2270 823 2331 bis
844 2273 987 2349 patienda
1006 2270 1098 2332 forati

339 2353 379 2416 At
399 2374 481 2417 nunc
504 2363 538 2415 ut
558 2374 691 2434 peream,
715 2357 856 2433 quoniam
879 2363 963 2417 caret
985 2356 1037 2417 illa
1058 2357 1184 2435 periclo,

382 2441 512 2501 Dimidia
535 2448 616 2502 certe
639 2448 724 2519 parte
746 2449 900 2519 superstes
922 2461 983 2503 ero.
1000 2475 1022 2485 -

278 2527 316 2582 45
339 2525 374 2585 Ei
395 2527 476 2602 mihi,
501 2545 592 2604 quam
616 2526 707 2587 celeri
729 2528 899 2588 micuerunt
920 2528 1025 2589 nubila
1046 2527 1182 2588 flammai

383 2611 520 2683 Quantus
544 2613 581 2672 ab
606 2612 739 2672 aetherio
762 2619 903 2689 personat
926 2632 983 2674 axe
1005 2612 1120 2691 fragor!

339 2695 403 2755 Nec
427 2696 523 2757 larius
545 2697 673 2757 laterum
694 2696 818 2758 tabulae
840 2698 987 2759 feriuntur
1009 2700 1047 2759 ab
1070 2700 1170 2776 undis,

383 2780 481 2851 Quam
503 2801 594 2860 grave
616 2780 756 2843 ballistas
778 2785 898 2844 moenia
919 2784 1020 2864 pulsat
1042 2803 1129 2845 onus.

340 2865 398 2939 Qui
420 2868 502 2926 venit
523 2867 572 2927 hic
594 2866 714 2942 fluctus,
739 2867 851 2929 fluctus
873 2870 1077 2948 supereminet
1098 2888 1215 2946 omnes,

278 2952 316 3008 50
382 2950 533 3012 Posterior
554 2971 635 3013 nono
659 2959 704 3013 est
726 2952 948 3033 undecimoque
971 2958 1059 3033 prior.

339 3036 406 3095 Non
428 3037 523 3097 letum
544 3039 646 3112 timeo,
669 3057 765 3116 genus
788 3047 834 3099 est
854 3041 1026 3101 miserabile
1048 3042 1113 3101 leti:

383 3121 499 3183 Demite
521 3124 718 3201 naufragium,
742 3143 823 3184 mors
845 3126 917 3186 mihi
938 3145 1047 3187 munus
1071 3129 1139 3187 erit.

339 3205 393 3266 Est
416 3208 539 3285 aliquid,
562 3209 686 3286 fatoque
708 3228 764 3269 suo
786 3210 926 3289 ferroque
949 3212 1110 3272 cadentem

380 3290 414 3351 iu
436 3292 535 3354 solida
556 3296 687 3354 moriens
708 3313 821 3373 ponere
846 3314 955 3376 corpus
977 3298 1078 3373 humo,

277 3377 315 3434 55
338 3375 375 3436 Et
396 3374 540 3439 mandare
562 3381 625 3439 suis
648 3381 750 3457 aliqua
772 3387 803 3440 et
824 3400 946 3461 sperare
968 3383 1152 3461 sepulcrum,

381 3460 418 3521 Et
438 3482 499 3523 non
522 3467 682 3543 aequoreis
703 3465 838 3543 piscibus
860 3487 926 3528 esse
950 3469 1061 3529 cibum.

338 3545 456 3623 Fingite
479 3568 528 3609 ms
551 3550 673 3626 dignum
696 3550 749 3610 tali
770 3569 861 3611 nece:
886 3571 946 3614 non
970 3573 1025 3632 ego
1047 3554 1132 3616 solus

380 3631 436 3691 Hic
459 3633 564 3694 vehori
588 3634 741 3696 inmeritos
764 3653 818 3695 cur
839 3656 908 3698 mea
930 3658 1029 3718 poene
1049 3641 1165 3703 trahiti

1308 882 1311 927 κ
