2660 4224
241 303 283 363 44
439 296 489 353 Ino
506 297 563 352 und
580 295 725 352 Athamas.
761 296 825 350 Met.
838 294 887 359 tv,
902 296 1045 349 tar-542.

329 471 531 550 Consequitur
552 472 641 532 motis
662 470 810 531 velociter
830 470 949 557 ignibus
971 471 1065 549 ignes.

245 562 306 618 510
330 555 382 618 Sic
403 559 513 617 victrix
534 558 668 634 iussique
689 561 797 635 potens
821 556 859 616 ad
881 557 984 616 inania
1004 557 1106 633 magni

326 643 432 721 Regna
456 643 535 703 redit
555 642 640 716 Ditis,
668 649 883 720 sumptumque
909 643 1073 721 recingitur
1101 660 1246 721 anguem.

313 752 315 756 ·
371 729 511 789 Protinus
532 728 675 789 Aeolides
696 727 798 788 media
818 727 999 788 furibundus
1020 729 1052 787 in
1074 728 1147 789 aula

328 813 460 875 Clamat:
485 813 546 889 „lo,
572 815 706 887 comites,
729 813 777 873 his
798 815 875 874 retia
895 814 1011 874 tendite
1033 812 1130 874 silvis!
1317 776 1319 839 l

328 901 385 960 Hic
407 901 498 961 modo
522 918 592 959 cum
614 900 734 977 gemina
747 901 813 960 risa
832 906 878 960 est
898 899 970 958 mihi
992 898 1077 977 prole
1098 899 1247 961 leaenal“

244 989 303 1044 515
327 985 427 1064 thue
449 987 531 1047 ferae
555 987 690 1063 sequitur
711 991 840 1063 vestigia
863 986 997 1062 coniugis
1020 1003 1133 1061 amens,

326 1071 432 1150 Deque
454 1073 521 1132 sinu
542 1073 646 1132 matris
667 1071 814 1131 ridentem
837 1077 868 1131 et
887 1089 982 1148 parva
1002 1068 1175 1130 Learchum

326 1157 477 1218 Bracchia
497 1157 673 1217 tendentem
695 1158 773 1234 rapit
795 1162 826 1216 et
847 1155 895 1215 bis
916 1162 1023 1233 terque
1045 1175 1100 1233 per
1122 1176 1215 1218 auras

327 1244 410 1303 More
432 1248 513 1303 rotat
534 1242 647 1303 fundae
669 1242 827 1319 rigidoque
849 1241 975 1302 infantia
997 1260 1071 1301 saxo

327 1327 456 1387 Discutit
478 1346 548 1387 ossa
570 1328 664 1387 ferox.
709 1327 784 1387 Tum
808 1327 938 1404 denique
962 1329 1083 1387 concita
1104 1335 1212 1404 mater,

244 1415 304 1472 520
329 1445 351 1453 -
376 1411 438 1473 Seu
460 1412 547 1473 dolor
567 1412 627 1472 hoo
649 1413 730 1487 fecit,
762 1431 817 1472 seu
843 1414 939 1491 sparsi
969 1431 1064 1473 causa
1085 1415 1196 1474 veneni
1221 1446 1244 1456 -

327 1498 471 1559 Exululat
492 1498 651 1577 passisque
673 1497 748 1575 fugit
770 1498 849 1558 male
872 1516 947 1558 sana
971 1497 1088 1576 capillis

327 1584 431 1662 Teque
453 1585 553 1644 terens
574 1603 702 1662 parvum
722 1584 821 1658 nudie,
844 1582 1009 1660 Melicerta,
1033 1584 1169 1644 lacertis:

328 1669 452 1745 „Euhoe
475 1669 618 1731 Bacche“
641 1675 739 1731 sonat.
783 1668 898 1730 Bacchi
920 1669 976 1730 sub
998 1670 1120 1729 nomine
1142 1668 1219 1732 Iuno

327 1755 404 1815 Risit
427 1761 468 1815 et:
494 1755 577 1831 „Hos
591 1775 666 1815 usus
680 1761 816 1833 praestet
829 1754 913 1831 tibi“,
938 1755 1023 1830 dixit,
1047 1754 1245 1830 „alumnus.“

244 1844 304 1900 525
327 1841 464 1901 Imminet
487 1841 670 1918 aequoribus
692 1840 851 1919 scopulus;
874 1859 946 1919 pars
967 1842 1029 1901 ima
1051 1845 1180 1902 cavatur

327 1926 486 1986 Fluctibus
509 1932 540 1986 et
560 1932 660 1986 tectas
683 1926 817 1986 defendit
840 1926 878 1986 ab
901 1926 1047 1986 imbribus
1069 1926 1179 2002 undas,
1316 1936 1321 2019 l

329 2010 453 2072 Summa
473 2012 549 2088 riget
569 2011 758 2089 frontemque
773 2012 803 2070 in
820 2017 956 2089 apertum
971 2012 1095 2089 porrigit
1117 2030 1244 2092 aequor.

328 2097 468 2176 Occupat
489 2096 571 2156 hunc
595 2127 617 2136 -
639 2097 719 2155 vires
741 2097 858 2156 insania
879 2097 994 2157 lecerat
1018 2128 1041 2138 -
1063 2097 1125 2173 lno,

329 2180 430 2260 Seque
452 2200 544 2260 super
566 2187 701 2261 pontum,
723 2181 808 2242 nullo
830 2182 953 2243 tardata
974 2184 1090 2258 timore,
1317 2150 1322 2293 l

245 2270 305 2327 530
329 2268 418 2328 Mittit
440 2286 578 2345 onusque
601 2286 699 2327 suum.
744 2266 894 2328 Percussa
916 2267 1072 2328 recanduit
1093 2270 1189 2332 unda.

204 2390 208 2397 =
326 2353 366 2413 At
387 2353 497 2428 Venus,
520 2354 676 2414 inmeritae
697 2354 797 2431 neptis
819 2354 962 2414 miserata
983 2353 1113 2431 labores,

327 2437 378 2500 Sic
401 2444 509 2517 patruo
532 2439 669 2500 blandita
690 2457 746 2499 suo
770 2445 828 2499 est:
853 2438 899 2514 „0
921 2457 1034 2500 numen
1057 2459 1217 2517 aquarum,

327 2524 468 2585 Proxima
491 2527 540 2585 cui
564 2525 650 2585 caelo
675 2526 773 2600 cessit,
798 2523 947 2604 Neptune,
972 2531 1120 2602 potestas:

327 2610 436 2687 Magna
458 2610 580 2687 quidem
602 2629 706 2688 posco,
729 2610 785 2670 sed
808 2617 841 2670 tu
863 2612 1004 2671 miserere
1026 2629 1171 2689 meorum,

244 2697 304 2753 535
327 2694 437 2754 lactari
460 2713 536 2771 quos
560 2698 657 2755 cernis
680 2697 710 2754 in
731 2695 814 2755 Ionio
837 2697 981 2771 inmenso,

326 2777 363 2838 Et
386 2780 432 2839 dis
456 2779 535 2840 adde
557 2782 627 2840 tuis.
671 2778 781 2858 Aliqua
804 2787 834 2841 et
855 2782 927 2841 mihi
949 2783 1046 2859 gratia
1066 2789 1160 2861 ponto
1184 2792 1242 2858 est,

329 2863 362 2925 Si
383 2870 484 2925 tamen
506 2867 537 2924 in
560 2865 609 2925 dio
633 2866 787 2942 quondam
810 2874 955 2927 concreta
976 2868 1126 2946 profundo

327 2949 442 3028 Spuma
462 2951 514 3025 fui,
538 2950 720 3028 Graiumque
743 2958 846 3013 manet
867 2952 939 3012 mihi
959 2971 1071 3013 nomen
1093 2954 1132 3014 ab
1156 2955 1244 3017 illa“
1321 2978 1322 2995 ¹

325 3035 439 3096 Annuit
460 3038 558 3098 oranti
579 3036 746 3114 Neptunus,
772 3044 802 3097 et
824 3038 950 3099 abstulit
970 3038 1038 3114 illis,

243 3125 302 3181 540
327 3122 415 3194 Quod
438 3122 565 3183 mortale
587 3122 655 3195 fuit;
679 3125 929 3201 maiestatemque
951 3125 1116 3185 verendam

325 3207 468 3285 Inposuit,
491 3225 663 3286 nomenque
685 3209 774 3269 simul
796 3210 966 3287 faciemque
988 3212 1125 3270 novavit:

325 3292 560 3373 Leucothoeque
584 3293 676 3354 deum
699 3313 769 3354 cum
789 3301 886 3355 matre
908 3294 1092 3357 Palaemona
1115 3295 1200 3358 dixit.

292 3416 348 3470 Dic
370 3414 565 3470 Tbebaoa‘ocbcn
581 3418 691 3471 Flacca
709 3421 818 3471 traucrn
834 3417 891 3469 und
906 3423 1005 3471 carneo
1026 3419 1074 3472 der
1090 3419 1178 3480 June:
1203 3421 1243 3475 cic

239 3494 344 3546 werden
366 3493 395 3547 ia
413 3493 510 3547 Fauen
527 3494 584 3547 und
600 3495 699 3547 Macen
721 3493 887 3547 vacanter.
927 3494 1040 3548 Cadmus
1063 3496 1125 3548 aber
1148 3497 1192 3551 tu·
1213 3516 1243 3552 oo

239 3571 437 3641 mancbsacbcm
460 3571 581 3641 Unqlttck
603 3571 686 3624 coines
705 3571 812 3624 Hausco
833 3572 945 3624 vcrldcat
965 3571 1016 3625 mit
1036 3572 1122 3626 seiacr
1144 3574 1244 3629 cattio

247 3649 347 3702 Thebon
370 3648 427 3701 cod
441 3647 539 3701 kornmt
555 3648 623 3702 noch
640 3647 771 3717 Illyrico:
796 3648 857 3701 dort
878 3649 983 3703 wadon
1006 3648 1079 3704 bcs‘dc
1100 3650 1129 3703 in
1150 3653 1243 3706 aalma
