2660 4224
227 241 267 302 48
513 237 651 292 Arachne
686 237 752 291 blot
764 238 814 303 VI,
830 237 938 290 1-145.

228 407 287 462 sich
306 407 451 473 ttbcrhcbt,
471 406 587 464 verfdllt
604 408 653 462 der
671 406 797 463 Sobande
813 408 872 462 und
890 408 941 462 der
957 405 1111 475 gdttliohen
1125 403 1238 462 Strat'e.

228 483 287 536 Das
305 482 395 541 haben
413 483 459 539 die
471 483 595 539 Tdchter
611 485 661 538 dea
672 482 771 539 Pieres
789 482 917 537 erfabren
935 484 964 547 (s.
978 484 1005 539 S
1015 483 1088 537 472.
1101 485 1151 550 21),
1169 486 1238 539 und

227 563 278 618 das
289 562 425 619 vollzieht
442 562 503 618 hier
519 564 701 620 Minerva
693 580 722 618 rn
734 563 862 618 ll'aonien
877 563 1011 632 (Lydiam,
1030 577 1075 616 wo
1087 562 1237 619 bekannt-

226 638 284 694 lich
301 640 348 695 die
365 641 498 696 Weberei
518 639 669 710 frtibzeitig
691 640 799 702 blttbte,
824 656 860 694 an
882 640 932 710 der
949 634 1087 703 Arachne,
1115 640 1162 694 die
1186 642 1236 695 ste

226 717 256 771 in
272 717 335 772 eine
352 715 456 785 Spinne
474 717 656 773 verwandelt.

311 819 504 902 Praebuerat
526 842 615 902 dictis
637 842 770 902 Tritonia
792 841 904 902 talibus
928 859 1025 916 aures,

315 924 517 1005 carminaque
538 927 690 988 Aonidum
711 929 882 1005 iustamque
904 926 1087 1004 probaverat
1108 929 1196 987 iram.

316 1012 392 1072 Tum
406 1032 524 1074 secum:
544 1013 703 1088 „Laudare
718 1032 826 1091 parum
838 1019 896 1072 est:
914 1012 1075 1073 laudemur
1086 1018 1118 1073 et
1131 1015 1233 1091 ipsae,

310 1098 441 1159 Numina
462 1118 521 1159 nec
543 1101 644 1177 sperni
666 1101 731 1159 sine
752 1117 854 1176 poena
874 1104 978 1158 nostra
999 1097 1170 1158 sinamusl“

274 1186 290 1239 5
314 1184 532 1262 Maeoniaeque
556 1187 687 1245 animum
709 1185 779 1244 fatis
801 1184 928 1243 intendit
949 1182 1115 1259 Arachnes,

314 1267 412 1340 Quam
433 1269 491 1328 sibi
513 1269 654 1329 lanificae
676 1288 737 1329 non
761 1270 871 1330 cedere
893 1268 1036 1329 laudibus
1059 1270 1130 1328 artis

314 1352 470 1414 Audierat.
515 1355 582 1414 Non
604 1354 657 1415 illa
678 1355 747 1414 loco
769 1373 827 1414 nec
850 1355 962 1431 origine
985 1356 1084 1432 gentis
1313 1382 1314 1385 ¹

316 1437 415 1514 Clara,
438 1440 493 1499 sed
514 1446 586 1514 arte,
610 1440 675 1499 fuit.
712 1439 802 1500 Pater
816 1439 887 1499 huic
904 1438 1108 1518 Colophonius
1121 1439 1233 1501 Idmon

313 1523 468 1586 Phocaico
491 1525 612 1586 bibulas
633 1525 791 1603 tinguebat
813 1526 927 1585 murice
949 1525 1045 1585 lanas.

254 1613 290 1667 10
314 1609 478 1671 Occiderat
500 1618 612 1686 mater;
636 1611 691 1671 sed
714 1611 844 1671 ethaeo
868 1611 905 1670 de
928 1610 1018 1688 plebe
1041 1629 1160 1689 suoque

313 1695 421 1774 Aequa
442 1698 506 1756 viro
528 1696 636 1758 fuerat.
680 1696 782 1774 Lydas
804 1704 906 1756 tamen
927 1696 981 1756 illa
1001 1714 1057 1774 per
1077 1698 1172 1757 urbes

313 1781 492 1853 Quaesierat
513 1782 614 1842 studio
636 1801 747 1842 nomen
769 1781 974 1853 memorabile,
999 1784 1137 1859 quamvis

314 1865 388 1927 Orta
410 1866 500 1928 domo
522 1886 617 1945 parva
638 1869 739 1945 parvis
760 1868 919 1928 habitabat
940 1867 1104 1946 Hypaepis.

315 1950 411 2011 Huius
433 1959 468 2012 ut
489 1953 661 2029 aspicerent
683 1971 759 2030 opus
783 1952 967 2027 admirabile,
992 1971 1084 2030 saepe

253 2038 290 2093 15
312 2035 481 2097 Deseruere
504 2039 551 2097 sui
572 2037 723 2116 nymphae
744 2040 847 2097 vineta
868 2037 982 2111 Timoli,

314 2119 483 2193 Deseruere
506 2141 578 2182 suas
599 2121 749 2201 nymphae
771 2122 944 2183 Pactolides
965 2123 1073 2183 undas.

316 2205 381 2266 Nec
403 2208 502 2268 factas
525 2208 622 2268 solum
644 2215 746 2267 vestes
767 2213 907 2287 spectare
929 2208 1066 2269 iuvabat:

313 2292 389 2352 Tum
411 2312 543 2372 quoque,
567 2312 637 2354 cum
659 2295 780 2368 fierent,
804 2300 907 2354 tantus
934 2295 1028 2354 decor
1051 2294 1137 2355 afluit
1160 2299 1227 2357 arti.

316 2376 386 2439 Sive
409 2379 517 2440 rudem
538 2381 650 2458 primos
672 2379 773 2439 lanam
796 2380 984 2457 glomerabat
1005 2381 1036 2439 in
1058 2380 1158 2456 orbes,

252 2464 292 2522 20
317 2462 379 2524 Seu
401 2464 500 2543 digitis
522 2465 682 2543 subigebat
704 2484 788 2544 opus,
812 2466 1002 2543 repetitaque
1024 2465 1115 2542 longo

313 2549 434 2610 Vellera
455 2550 592 2610 mollibat
613 2550 742 2611 nebulas
766 2553 929 2628 aequantia
949 2557 1059 2625 tractu,

316 2632 386 2695 Sive
408 2634 468 2696 levi
489 2642 617 2696 teretem
639 2636 781 2697 versabat
803 2635 914 2713 pollice
935 2636 1044 2711 iusum,

314 2716 376 2779 Seu
398 2720 540 2798 pingebat
562 2739 635 2781 acu:
660 2723 754 2783 scires
777 2739 796 2780 a
816 2720 942 2781 Pallade
965 2722 1096 2781 doctam.

315 2804 403 2876 Quod
425 2811 527 2866 tamen
549 2808 615 2884 ipsa
636 2812 736 2883 negat,
759 2812 905 2885 tantaque
929 2807 1045 2867 offensa
1066 2808 1223 2885 magistra:

251 2892 290 2948 25
315 2888 468 2967 „Certet“,
483 2892 532 2967 ait,
547 2889 701 2965 „mecuml
714 2891 787 2951 nibil
799 2899 853 2967 est,
867 2893 948 2970 quod
960 2893 1042 2952 victa
1053 2894 1225 2957 recusem.“

356 2976 456 3037 Pallas
480 2995 570 3037 anum
592 2977 722 3049 simulat,
745 2977 898 3056 falsosque
921 2980 950 3037 in
970 2984 1108 3056 tempora
1131 2997 1224 3040 canos

313 3061 415 3138 Addit,
440 3069 470 3122 et
491 3064 624 3123 infirmos
646 3063 758 3123 baculo
781 3083 902 3142 quoque
925 3064 1053 3123 sustinet
1076 3070 1169 3125 artus.

313 3147 389 3207 Turn
411 3150 455 3208 sic
479 3167 549 3208 orsa
570 3148 664 3226 loqui:
689 3148 777 3222 „Non
799 3151 900 3209 omnia
921 3149 1062 3226 grandior
1085 3155 1179 3226 aetas,

314 3233 399 3306 Quae
421 3234 580 3312 fugiamus,
602 3234 708 3309 habet;
731 3237 807 3294 seris
829 3235 912 3294 venit
933 3252 1006 3293 usus
1030 3234 1068 3294 ab
1092 3237 1188 3296 annis.

252 3321 290 3377 30
315 3317 480 3379 Consilium
502 3338 541 3379 ne
563 3339 671 3398 sperne
693 3338 804 3380 meum.
848 3319 914 3378 Tibi
936 3319 1017 3379 fama
1038 3325 1160 3399 petatur

313 3404 394 3465 luter
415 3405 559 3466 mortales
580 3405 739 3465 faciendae
761 3405 894 3465 maxima
914 3404 1016 3464 lanae:

314 3488 397 3551 Cede
421 3492 506 3568 deae,
530 3493 709 3568 veniamque
732 3491 800 3565 tuiS,
824 3492 992 3565 temeraria,
1017 3490 1105 3551 dictis

313 3573 457 3654 Supplice
479 3595 556 3636 voce
578 3594 665 3654 roga3
689 3576 808 3634 veniam
831 3576 915 3637 dabit
936 3575 988 3636 illa
1010 3578 1158 3653 roganti.“
