2660 4224
229 280 270 343 36
490 278 639 334 Pentheus
674 277 960 344 1151ΙΙΙ,510-733.

312 431 406 513 hiber
428 452 524 526 adest,
547 453 692 530 festisque
713 451 1031 512 1151555151515111155
1054 453 1127 529 agri:

314 538 416 598 Turba
437 540 503 614 ruit,
527 538 701 615 mixtaeque
722 539 793 597 viris
815 542 987 614 matresque
1008 555 1164 614 nurusque

231 626 289 682 530
313 623 487 700 Vulgusque
509 642 711 701 proceresque
734 625 836 701 ignota
858 624 897 683 ad
919 641 1008 683 sacra
1030 624 1176 683 feruntur.

315 708 409 783 „Quis
431 709 520 784 furor,
547 710 741 786 anguigenae,
768 708 868 788 proles
890 709 1044 784 Mavortia,
1067 714 1187 768 vestras

315 793 452 854 Attonuit
473 794 631 854 mentesl“
654 794 806 855 Pentheus
830 796 880 855 ait.
925 793 1063 868 „Aerane
1084 801 1206 854 tantum

314 878 392 940 Aere
414 879 537 958 repulsa
558 880 660 940 v‘alent
682 888 713 940 et
735 881 855 941 adunco
877 880 952 940 tibia
974 898 1067 940 cornu

314 964 352 1024 Et
373 967 509 1042 magicae
532 966 664 1041 fraudes,
687 972 729 1043 ut,
754 986 830 1044 quos
851 984 912 1026 non
934 965 1062 1026 bellicus
1084 967 1175 1040 ensis,

231 1053 291 1110 535
314 1050 382 1111 Non
404 1051 479 1111 tuba
500 1053 648 1127 terruerit,
671 1070 732 1111 non
754 1053 865 1112 strictis
889 1052 1007 1129 agmina
1028 1051 1105 1127 telis,

316 1136 478 1197 Femineae
500 1155 594 1198 voces
617 1144 647 1197 51
667 1143 751 1197 mota
771 1139 889 1197 insania
908 1138 979 1196 vino

315 1221 507 1300 Obscenique
529 1241 634 1301 greges
657 1229 688 1282 et
709 1224 810 1282 inania
831 1229 973 1300 tympana
994 1222 1140 1282 vincant?

277 1306 280 1313 ’
314 1307 424 1381 Vosne,
448 1326 545 1382 senes,
568 1310 666 1381 mirer,
692 1310 743 1385 qui
764 1308 857 1384 longa
878 1327 933 1385 per
955 1326 1088 1385 aequora
1109 1310 1191 1368 vecti

314 1393 379 1452 Hac
402 1387 512 1470 Tyron,
535 1394 595 1453 hac
617 1393 758 1471 profugos
780 1394 923 1471 posuistis
945 1393 1020 1453 sede
1042 1393 1182 1467 Penates,

232 1482 291 1538 540
315 1478 402 1538 Nunc
425 1480 520 1538 sinitis
542 1479 607 1538 sine
629 1478 724 1537 Marte
747 1478 836 1557 capii
857 1497 961 1552 vosne,
986 1479 1201 1555 55115155155,

315 1564 339 1625 0
362 1566 495 1640 15151155,
519 1565 700 1643 propiorque
722 1583 818 1639 meae,
844 1583 921 1642 quos
936 1583 1026 1624 arma
1047 1571 1160 1640 tenere,

315 1649 383 1710 Non
404 1649 533 1728 thyrsos,
556 1650 705 1729 galeaque
728 1651 798 1728 tegi,
820 1668 881 1710 non
903 1650 1018 1726 fronde,
1043 1650 1196 1710 1155511511

314 1735 393 1811 Este,
417 1754 535 1815 precor,
558 1754 715 1812 memores,
740 1755 802 1814 qua
822 1737 888 1796 sitis
908 1737 1001 1814 stirpe
1025 1737 1127 1810 creati,

315 1820 459 1898 illiusque
482 1822 606 1896 animos,
631 1822 683 1898 qui
704 1822 815 1882 multos
836 1821 968 1900 perdidit
988 1840 1077 1897 nnus,

232 1911 291 1965 545
317 1904 431 1965 Sumite
453 1905 616 1984 serpentisl
639 1906 696 1966 Pro
718 1907 852 1966 lontibus
873 1906 924 1966 ille
946 1906 1079 1984 lacuque

314 1991 440 2051 interiit:
467 1998 497 2051 51
518 2010 574 2050 155
595 2009 649 2069 pro
672 1992 754 2051 151115
774 1986 885 2052 vincite
906 1990 1020 2052 1551151

318 2076 371 2136 1115
395 2076 479 2135 dedit
500 2076 561 2136 leto
583 2077 689 2136 fortes:
711 2094 767 2136 voe
788 2077 891 2154 pellite
913 2076 1029 2151 molles,

317 2161 354 2221 Et
375 2162 506 2240 patrium
527 2163 653 2222 retinete
677 2161 785 2222 decusl
809 2160 841 2221 Si
862 2163 925 2222 1515
945 2163 1090 2223 1515115111

317 2245 404 2307 Stare
428 2247 480 2307 diu
502 2247 631 2322 Thebas,
655 2249 769 2308 utinam
790 2253 941 2308 tormenta
961 2249 1077 2326 virique

232 2335 292 2392 550
318 2333 437 2393 Moenia
459 2332 620 2410 diruerent,
644 2333 817 2411 ferrumque
837 2334 974 2411 ignisque
996 2333 1154 2394 5511515511

315 2417 457 2479 Essemus
480 2420 579 2479 miseri
601 2420 665 2479 sine
689 2420 821 2494 crimine,
844 2438 970 2498 sorsque
993 2421 1157 2497 querenda,

316 2504 385 2564 Non
408 2504 538 2565 celanda
558 2506 643 2580 foret,
668 2504 873 2583 lacrimaeque
895 2505 1012 2584 pudore
1035 2512 1183 2566 carerent.

315 2589 355 2649 At
376 2609 458 2650 nunc
481 2609 500 2651 5
521 2610 616 2669 puero
638 2590 761 2651 Thebae
784 2592 941 2669 capientur
962 2592 1075 2667 inermi,

317 2674 414 2747 Quem
424 2693 524 2752 neque
536 2675 618 2735 bella
628 2677 740 2751 iuvant,
757 2695 816 2736 nec
826 2675 898 2752 tela,
914 2695 972 2736 nec
984 2696 1057 2736 usus
1069 2695 1228 2754 equorum,

232 2762 292 2819 555
317 2758 378 2819 Sed
400 2759 542 2820 madidus
563 2779 665 2821 murra
687 2762 777 2820 crinis
799 2761 966 2840 mollesque
989 2780 1119 2822 coronae

316 2845 514 2923 Purpuraque
538 2852 568 2905 51
589 2847 678 2923 pictis
699 2847 847 2906 intextum
868 2846 1003 2908 vestibus
1026 2865 1143 2907 aurum.

315 2931 412 3004 Quem
424 2932 546 3010 quidem
558 2950 612 3009 ego
626 2937 771 3006 actutum,
788 2932 878 2992 modo
890 2952 943 2993 vos
957 2933 1100 3009 absistite,
1114 2951 1225 3011 cogam
1317 2962 1318 3021 p

314 3016 575 3094 Adsumptumque
598 3025 715 3096 patrem
738 3025 969 3095 commentaque
991 3019 1207 3078 55515151511.

314 3101 360 3162 An
382 3105 455 3162 satis
476 3101 592 3163 Acrisio
616 3109 662 3163 551
685 3104 783 3177 animi,
808 3110 1000 3164 contemnere
1021 3122 1134 3163 vanum

232 3190 291 3247 500
315 3187 433 3249 Numen
455 3195 486 3247 et
506 3186 662 3265 Argolicas
685 3189 816 3249 venienti
839 3189 983 3249 claudere
1006 3196 1118 3267 portas,

314 3273 449 3333 Penthea
470 3274 594 3333 terrebit
617 3293 686 3334 cum
708 3276 778 3334 totis
802 3274 921 3335 advena
941 3273 1052 3334 Thebis
1060 3273 1095 3333 l“
1117 3305 1140 3314 -

315 3358 379 3434 „lte
402 3359 474 3418 citi“
498 3390 520 3399 -
543 3359 663 3419 1511111115
684 3359 744 3420 hoc
766 3361 893 3437 imperat
915 3391 937 3399 -
959 3361 1029 3434 „ite,
1054 3358 1229 3438 ducemque

314 3443 463 3505 Attrahite
485 3444 546 3505 huc
568 3443 715 3505 vinctum!
745 3445 834 3504 iussis
860 3463 944 3504 mora
966 3445 1065 3523 segnis
1088 3445 1226 3521 abesto„

357 3529 445 3589 Hunc
462 3550 547 3604 avus,
562 3530 643 3591 hunc
657 3528 811 3604 Athamas
832 3528 914 3589 hunc
931 3537 1033 3590 cetera
1047 3530 1138 3590 turba
1151 3549 1230 3590 suo·
1316 3528 1317 3557 1

232 3618 291 3674 505
317 3613 487 3693 Corripinnt
510 3615 598 3675 dictis
620 3616 791 3691 frustraque
813 3614 948 3677 inhibere
963 3615 1111 3676 laborant.
1148 3611 1228 3694 [rum
