2660 4228
290 257 408 314 Auden
425 258 519 327 Kttnig
536 257 631 342 Cotys.
665 257 755 326 Epist.
773 257 809 320 II,
828 259 853 313 a.
1010 258 1070 321 137

98 439 137 496 50
204 435 356 496 Praestitit
378 434 512 493 officium
533 433 682 492 Maximus
704 451 792 492 omne
814 432 878 492 tihi.

160 522 215 582 Ille
238 520 292 580 tibi
315 521 477 597 exsequias
500 525 530 579 et
551 520 651 595 magni
672 516 762 578 funus
783 518 906 578 honoris

204 607 298 681 Fecit,
325 612 354 666 et
376 607 406 665 in
428 604 544 682 gelidos
563 605 656 664 versit
679 622 797 663 amoma
819 606 910 679 sinus,

162 692 253 752 Diluit
276 697 306 751 et
328 690 461 751 lacrimis
481 708 620 749 maerens
641 697 796 766 unguenta
818 690 955 768 profusis,

205 777 343 854 Ossaque
365 778 465 836 vicina
488 776 611 835 condita
632 776 708 834 texit
729 776 830 836 humo.

98 869 137 924 55
161 863 219 937 Qui
235 864 378 940 quoniam
393 862 558 934 exstinctio,
584 879 662 938 quae
678 861 780 936 (16561,
804 866 940 937 praestat
956 860 1068 936 amicis¹

203 948 241 1008 Et
261 967 317 1009 nos
340 946 499 1008 exstinctis
523 946 721 1006 adnumerare
744 952 853 1024 potest.

475 1107 680 1118 ——--—

329 1229 384 1301 49.
418 1231 469 1300 An
492 1230 556 1299 den
577 1230 689 1317 Kttuig
712 1230 818 1316 dotys.

500 1353 558 1404 (Lib.
573 1354 603 1403 11,
617 1349 648 1402 9.)

125 1457 183 1511 Der
200 1455 318 1512 Dichter
334 1456 444 1511 woudot
461 1454 521 1510 sich
545 1471 580 1508 an
602 1455 657 1508 den
679 1452 855 1508 thracischan
873 1452 968 1523 Kduig
985 1454 1074 1525 06166

74 1535 131 1588 und
147 1534 233 1589 bittet
249 1533 298 1587 ihu
315 1548 361 1586 um
376 1531 480 1587 Schutu
498 1531 528 1584 in
545 1531 651 1585 acinam
662 1529 777 1592 1161656,
798 1545 834 1582 66
852 1529 953 1584 (166666
965 1529 1073 1586 Grenze

75 1626 104 1666 er
128 1612 174 1666 ain
196 1609 371 1666 Verbannter
395 1608 444 1661 sei.
488 1606 526 1659 Er
548 1602 653 1672 knlipit
676 1604 761 1659 dabat
782 1604 937 1661 besondors
963 1623 999 1660 an
1022 1609 1073 1664 des

74 1689 183 1755 Konigs
200 1688 288 1743 Licbc
312 1700 348 1738 66
370 1684 425 1738 don
442 1679 683 1738 wissenschaften
708 1682 765 1735 und
787 1682 961 1750 pcrsdnliche
978 1684 1073 1754 Pflegc

75 1766 125 1820 der
142 1763 243 1817 Poesie
261 1778 307 1816 an.
344 1759 383 1814 Es
400 1759 439 1814 ist
455 1757 543 1828 Cotys
561 1758 606 1820 V„
630 1757 752 1811 welchsr
768 1757 839 1811 6665
861 1759 953 1816 661666
971 1761 1073 1818 Vetera

75 1840 156 1896 Tude
177 1839 199 1900 (7
218 1853 244 1890 n.
263 1835 338 1900 Chr.)
356 1837 466 1904 gentse
482 1830 656 1901 Anordnung
679 1834 729 1887 des
746 1831 891 1902 Augustus
915 1836 966 1894 das
985 1839 1072 1894 Reich

76 1917 128 1969 mit
146 1914 237 1968 661666
254 1912 357 1968 Vaters
374 1912 483 1965 Brudor
500 1911 696 1979 Rhcskuporis
713 1911 799 1966 teilen
816 1918 930 1971 muaste.

160 2033 258 2131 Regia
279 2054 446 2131 progenies,
471 2054 521 2112 cui
542 2053 708 2114 nobilitatis
730 2054 814 2132 origo

202 2140 318 2200 Nomen
339 2141 370 2199 16
391 2138 529 2217 Eumolpi
550 2141 688 2217 pervenit
709 2158 817 2217 66666,
842 2138 932 2217 Cotyi

160 2225 255 2286 Fama
276 2226 391 2302 loquax
413 2230 531 2284 vestras
553 2225 578 2284 si
599 2225 660 2283 iam
681 2225 821 2302 pervenit
843 2225 882 2284 ad
906 2244 1003 2303 aures,

202 2311 250 2370 Me
272 2310 327 2369 tibi
349 2310 465 2370 finitimi
487 2314 574 2387 parte
595 2310 697 2369 iacere
720 2309 790 2368 soli:
1024 2374 1033 2385 ,

119 2400 136 2456 5
160 2394 314 2473 Supplicis
336 2395 458 2468 exaudi,
481 2395 625 2453 iuvenum
648 2394 813 2467 mitissime,
836 2410 953 2467 vocem,

203 2481 361 2558 Quamque
373 2485 469 2557 potes,
482 2478 608 2556 profugo
620 2510 642 2519 -
654 2496 723 2536 uam
736 2483 823 2556 potes
835 2507 858 2517 ·-
872 2476 958 2537 adfer
968 2472 1069 2555 opem!

160 2567 208 2626 Me
223 2567 344 2626 fortuna
357 2565 413 2625 tibi
429 2596 452 2606 -
468 2564 507 2623 de
523 2581 584 2641 qua
599 2564 682 2641 quod
696 2581 757 2624 666
773 2580 892 2640 querar,
911 2562 971 2624 hoc
987 2570 1034 2626 est
1047 2595 1070 2608 ··

202 2651 345 2725 Tradidit,
369 2648 428 2711 hoc
451 2667 512 2710 666
533 2667 595 2708 666
616 2650 738 2708 inimica
760 2649 840 2708 mihi.

160 2737 274 2816 Excipe
296 2734 486 2813 naufragium
508 2753 569 2794 666
592 2735 668 2795 duro
691 2734 777 2795 litore
800 2742 944 2811 nostrum,

101 2827 137 2882 10
202 2823 248 2883 Ne
269 2823 360 2882 fuerit
381 2828 463 2882 terra
484 2822 577 2881 tutior
598 2820 682 2881 unda
703 2827 766 2881 166.

159 2906 263 2985 Regia,
288 2908 380 2968 crede
402 2907 482 2981 mihi,
505 2925 553 2966 res
577 2913 631 2980 est,
654 2924 833 2966 succurrere
855 2906 959 2984 lapsis,

205 2991 352 3053 Convenit
374 2999 405 3053 et
426 2999 520 3066 tanto,
546 2999 678 3069 quantus
701 3009 734 3051 es
755 2993 831 3069 ipse,
854 2992 927 3051 viro.

161 3078 325 3139 Fortunam
348 3078 439 3139 decet
460 3078 519 3137 hoc
541 3079 644 3150 istam3
674 3095 752 3154 quae
774 3078 907 3137 maxima
930 3094 1000 3137 cum
1021 3077 1072 3159 sit,

203 3163 277 3224 Esse
299 3170 400 3243 potest
423 3164 521 3224 animo
544 3163 595 3222 vix
616 3168 718 3222 tamen
741 3181 840 3240 aequa
861 3167 923 3222 tuo.

101 3253 137 3309 15
164 3247 355 3327 Conspicitur
376 3266 542 3326 numquam
563 3248 687 3308 meliore
708 3250 844 3325 potentia
866 3266 967 3324 causa,

203 3336 302 3408 Quam
324 3337 443 3413 quoties
465 3352 560 3394 vanas
581 3351 642 3392 non
664 3335 734 3393 sinit
757 3352 823 3394 esse
845 3351 962 3412 preces.

162 3418 228 3481 Hoc
251 3422 331 3480 nitor
351 3421 408 3481 iste
430 3422 474 3481 tui
497 3420 614 3497 generis
637 3419 799 3494 desiderat,
822 3420 881 3479 hoc
905 3423 950 3478 est

202 3505 229 3566 A
251 3504 376 3584 Superis
397 3512 481 3566 ortae
503 3502 668 3564 nobilitatis
691 3523 776 3583 opus.

161 3592 226 3653 Hoc
248 3591 302 3652 tibi
325 3597 356 3652 61
376 3590 550 3670 Eumolpus,
575 3592 692 3667 generis
715 3591 898 3651 clarissimus
922 3595 1028 3648 auctor
