2660 4224
281 298 335 353 Die
352 298 551 369 Myrmidonen.
586 299 650 353 Met.
662 297 727 364 VII,
743 300 887 354 aaa-657.
1040 304 1078 365 57

83 477 145 534 625
171 474 290 535 Grande
314 492 390 534 onus
413 474 522 552 exiguo
544 474 686 535 formicas
709 493 760 535 ore
783 481 922 552 gerentes

171 561 355 638 Rugosoque
378 579 466 620 suum
489 567 644 621 servantes
668 562 781 620 cortice
805 561 924 620 callem.

170 646 249 706 Dum
262 664 420 706 numerum
435 646 537 705 miror:
562 645 729 721 „Totidem
745 645 835 706 Pater
850 646 992 723 optime“,
1010 646 1080 719 dixi,

172 732 236 806 „Tu
258 732 329 791 mihi
352 732 393 791 da
415 732 505 807 cives,
530 738 561 791 et
582 733 683 792 inania
704 733 824 792 moenia
845 731 984 810 supple.“

171 817 326 877 Intremuit
347 818 498 894 ramisque
521 835 638 889 sonum,
661 819 725 878 sine
748 817 868 877 flamine
890 818 988 891 motis,

85 907 147 962 030
171 903 241 963 Alta
264 902 347 963 dedit
369 920 510 980 quercus.
553 902 667 963 Pavido
689 903 761 962 mihi
783 901 919 962 membra
939 904 1046 962 timore

171 989 363 1062 Horruerant,
381 987 563 1066 stabantque
579 1006 695 1048 comae.
733 988 846 1047 Tamen
861 989 968 1048 oscula
983 994 1082 1048 terrae

171 1075 405 1151 Roboribusque
428 1075 512 1147 dedi;
537 1091 595 1133 nec
618 1092 667 1133 me
689 1092 811 1152 sperare
833 1073 961 1147 fatebar,

172 1158 340 1238 Sperabam
361 1167 462 1218 tamen
486 1166 577 1237 atque
601 1160 699 1219 animo
722 1178 791 1218 mea
811 1164 883 1219 vota
904 1157 1053 1219 fovebam.

171 1245 238 1306 Nox
260 1246 349 1322 subit,
375 1251 405 1304 et
428 1246 507 1305 curis
530 1246 665 1305 exercita
687 1263 814 1322 corpora
836 1264 958 1305 somnus

85 1334 147 1391 635
172 1331 320 1410 Occupat.
357 1330 435 1391 Ante
457 1330 563 1391 oculos
586 1331 694 1392 eadem
715 1331 787 1390 mihi
809 1349 940 1407 quereus
964 1331 1080 1406 adesse,

170 1417 208 1475 Et
229 1436 329 1477 ramos
351 1417 477 1477 totidem
499 1417 685 1495 totidemque
709 1416 850 1477 animalia
870 1418 962 1477 ramis

170 1503 261 1563 Ferre
283 1504 345 1563 suis
367 1505 432 1563 visa
455 1509 508 1578 est,
532 1503 703 1580 pariterque
725 1503 899 1561 tremiscere
921 1507 1014 1574 motu,

173 1588 419 1665 Graniferumque
444 1606 551 1663 agmen
573 1588 719 1646 subiectis
741 1604 883 1662 spargere
905 1587 936 1645 in
959 1587 1048 1644 arvis:

173 1672 320 1733 Crescere
343 1672 424 1749 quod
447 1672 547 1730 subito
571 1677 600 1729 et
622 1671 719 1729 maius
742 1672 900 1747 maiusque
921 1670 1026 1744 videri,

85 1762 149 1818 640
173 1757 218 1817 Ac
240 1776 274 1816 se
296 1755 401 1815 tollere
423 1754 515 1814 humo
537 1761 681 1831 rectoque
706 1755 851 1814 adsistere
874 1761 991 1830 trunco,

173 1841 212 1900 Et
234 1842 363 1900 maciem
383 1858 601 1917 numerumque
616 1840 728 1917 pedum
749 1841 925 1918 nigrumque
950 1841 1082 1902 colorem

175 1925 299 2001 Ponere,
325 1932 354 1985 et
375 1925 538 1985 humanam
559 1925 699 1986 membris
721 1925 866 1987 inducere
889 1927 1023 1988 formam.

175 2009 303 2072 Somnus
327 2010 397 2072 abit.
438 2010 553 2071 Damno
575 2012 701 2089 vigilans
723 2030 793 2072 mea
814 2014 888 2086 visa,
913 2032 1081 2091 querorque

172 2098 205 2156 ln
228 2095 350 2174 Superis
372 2098 437 2174 opis
460 2115 526 2156 esse
548 2096 629 2155 nihil.
674 2096 713 2157 At
733 2099 763 2157 in
787 2099 914 2159 aedibus
936 2100 1042 2176 ingens

88 2186 149 2242 645
171 2183 305 2242 Murmur
327 2189 400 2258 erat,
423 2201 576 2260 vocesque
598 2182 752 2242 hominum
779 2184 923 2243 exaudire
946 2185 1080 2261 videbar,

172 2269 235 2329 lam
250 2267 322 2327 mihi
338 2268 489 2328 desuetas.
523 2267 601 2327 Dum
616 2269 755 2345 suspicor
768 2267 824 2328 has
840 2287 961 2345 quoque
976 2271 1081 2343 somni,

171 2354 253 2414 Ecce
275 2354 356 2413 venit
376 2352 521 2413 Telamon
542 2371 689 2431 properus
710 2352 885 2429 foribusque
907 2353 1049 2412 reclusis:

174 2437 317 2517 „Speque
338 2438 470 2515 fideque,
494 2438 609 2514 pater“,
635 2437 719 2510 dixit,
743 2439 879 2510 „maiora
899 2436 1025 2496 videbis.

173 2521 358 2603 Egrederel“
380 2522 537 2600 Egredior3
562 2521 728 2599 qualesque
750 2523 780 2579 in
802 2523 929 2598 imagine
952 2524 1048 2582 somni

90 2613 149 2669 650
173 2610 262 2669 Visus
286 2626 367 2668 eram
389 2607 501 2667 vidisse
523 2607 612 2681 viros,
636 2626 674 2666 ex
696 2607 800 2666 ordine
823 2607 900 2667 tales

174 2696 295 2772 Aspicis
319 2693 542 2771 adgnoscoque.
587 2691 708 2752 Adeunt
728 2711 892 2771 regemque
915 2693 1057 2755 salutant.

174 2781 251 2841 Vota
272 2779 334 2839 Iovi
357 2779 450 2854 solvo,
474 2777 654 2857 populisque
676 2779 850 2839 recentibus
871 2779 977 2840 urbem

174 2867 290 2927 Partior
312 2871 342 2925 et
363 2883 478 2924 vacuos
499 2865 606 2942 priscis
630 2864 796 2925 cultoribus
820 2884 918 2943 agros:

174 2952 435 3031 Myrmidonasque
457 2968 544 3025 voco,
566 2967 625 3010 nec
647 2951 760 3028 origine
782 2952 904 3010 nomina
924 2950 1042 3011 baudo.

91 3041 151 3097 655
176 3037 310 3115 Corpora
332 3037 442 3097 vidisti.
486 3035 593 3110 Mores,
618 3054 694 3112 quos
718 3042 786 3096 ante
811 3037 965 3112 gerebant,

174 3125 262 3184 Nunc
274 3140 395 3201 quoque
404 3121 527 3196 habent,
540 3138 726 3198 parcumque
740 3139 834 3198 genus
845 3123 1024 3199 patiensque
1036 3122 1082 3182 la-

175 3209 371 3286 Quaesitique
382 3214 485 3280 tenax,
496 3213 526 3266 et
537 3206 618 3283 quod
632 3208 769 3282 quaesita
780 3213 923 3266 reservet.
953 3203 1079 3285 [borum

141 3342 182 3396 Ea
193 3342 271 3412 folgl
287 3341 352 3393 norb
368 3337 563 3409 epirodeaariig
580 3337 624 3389 dcc
643 3337 772 3405 Cephalus
784 3337 940 3407 Erzdbluag
956 3338 1020 3391 iiber
1037 3339 1085 3393 dar

91 3418 209 3488 trouriga
227 3416 362 3470 Sobicksol
376 3416 463 3469 aeiaer
478 3414 606 3486 paliabten
626 3413 722 3466 Gattira
739 3412 881 3468 Procris.

141 3495 199 3549 Mil
220 3494 278 3547 dem
300 3493 418 3546 achion
438 3491 549 3545 Barba
573 3489 679 3560 bipinne
700 3490 800 3543 rodana
823 3491 870 3544 dar
892 3491 1020 3561 Rdekaug
1041 3492 1085 3545 das

10 3610 11 3613 =
94 3573 222 3643 Cephalus
245 3570 312 3623 auct
332 3569 429 3622 Alban.
472 3568 564 3622 Minoa
587 3567 649 3620 abar
670 3568 773 3621 erobert
796 3568 910 3637 Megara
932 3568 1014 3622 durat
1036 3568 1085 3621 dea

97 3651 193 3705 Verrat
210 3647 257 3701 da
269 3647 392 3716 Scylla,
411 3645 457 3698 der
473 3645 583 3699 focata
600 3644 644 3697 dae
657 3643 762 3715 Karige
780 3645 812 3698 N
815 3644 894 3710 ioue,
913 3644 970 3698 olam
987 3645 1025 3697 aia
1042 3644 1085 3696 die
