2660 4228
230 214 291 277 136
521 208 567 263 An
582 208 727 264 Maximus.
762 208 852 277 Epist.
866 207 889 268 1.
903 210 929 265 9.

356 385 441 459 Quae
463 385 573 446 vellem
594 385 674 445 vitae
697 401 815 444 summa
835 383 929 442 fuisse
951 402 1056 445 meue:

315 469 392 531 Cum
414 472 522 531 domus
544 471 656 547 ingenti
677 469 777 529 subito
799 487 868 529 mea
889 468 977 547 lapsu
998 473 1089 531 ruina

358 555 497 616 Concidit
517 558 548 615 in
571 557 683 616 domini
704 554 927 634 procubuitque
951 562 1055 634 caput.

255 644 292 701 15
314 641 418 702 Adfuit
439 641 490 700 ille
511 642 592 715 mihi,
616 660 686 700 cum
707 658 778 719 pars
799 659 848 701 me
870 658 980 719 magna
1001 642 1136 721 reliquit,

357 727 500 787 Maximel
524 727 662 787 fortunae
683 744 741 786 neo
763 725 819 786 luit
841 727 906 803 ipsa
929 744 1043 788 comes.

313 812 402 873 Illum
425 830 481 890 ego
502 830 563 872 non
586 813 672 872 aliter
692 811 816 872 flentem
837 830 907 871 meu
927 812 1035 873 fircera
1056 814 1131 890 vidi,

357 898 518 959 Ponendus
541 916 633 976 quum
654 899 680 957 si
701 898 794 958 frater
815 898 845 957 in
868 898 937 975 igne
958 897 1046 959 ieret.

316 984 421 1044 Haesit
442 985 472 1043 in
495 983 636 1062 amplexu
659 984 895 1061 consolatusque
917 985 1070 1045 iuuentem
1093 992 1150 1064 est,

253 1072 293 1130 20
360 1068 498 1147 Cumque
520 1072 595 1129 meis
616 1069 748 1130 lacrimis
771 1069 891 1129 miscuit
912 1089 1011 1147 usque
1032 1090 1116 1132 auus.

317 1154 342 1215 0
365 1157 492 1232 quoties,
516 1156 596 1215 vitae
620 1161 722 1215 custos
744 1157 858 1215 invisus
880 1172 1011 1231 umurae,

361 1238 514 1300 Continuit
535 1246 690 1318 promptas
711 1241 742 1298 in
763 1257 833 1299 mea
853 1240 917 1300 fata
937 1240 1062 1302 manual

317 1324 343 1385 0
366 1326 485 1399 quoties
507 1326 598 1385 dixit:
623 1325 806 1400 „Placabilis
827 1326 873 1386 ira
895 1326 1022 1386 deorum
1044 1334 1104 1388 est:

359 1410 442 1484 Vive,
464 1428 522 1470 neo
544 1412 659 1487 ignosci
680 1417 714 1470 tu
735 1410 790 1470 tibi
811 1428 901 1488 posse
922 1411 1037 1489 negal“
1305 1478 1306 1505 ,

255 1500 295 1557 25
317 1496 383 1557 Vox
404 1503 506 1557 tamen
528 1495 580 1555 illa
594 1496 650 1556 fuit
665 1495 878 1557 celeberrima:
903 1495 1063 1576 „Respice
1081 1506 1227 1576 quantum
1306 1566 1307 1569 ,

360 1582 477 1643 Debeut
500 1582 645 1641 auxilium
665 1581 814 1642 Maximus
836 1601 903 1642 esse
925 1581 996 1642 tibil
1306 1578 1307 1585 '

317 1667 466 1728 Maximus
487 1668 650 1743 incumbet,
675 1686 797 1746 quaque
819 1674 867 1727 est
887 1668 1010 1747 pietate,
1033 1669 1164 1747 rogabit,

360 1754 405 1813 Ne
427 1755 466 1814 sit
489 1754 528 1813 ad
551 1759 719 1814 extremum
742 1751 881 1813 Caesaris
902 1755 948 1812 ira
969 1760 1073 1814 tenax.

318 1837 455 1916 Cumque
477 1840 539 1898 suis
560 1839 660 1898 fratris
681 1840 760 1898 vireu
783 1838 947 1914 adhibebit,
971 1844 1002 1898 et
1024 1858 1148 1901 omnem

255 1927 294 1984 30
360 1923 427 1997 Quo
448 1924 545 1984 levius
568 1924 682 1997 doleas,
706 1925 880 2002 experietur
900 1924 1022 2002 opem.“
1097 1964 1102 1971 ·

317 2008 401 2070 Haeo
423 2008 495 2068 mihi
516 2008 611 2069 verba
631 2009 730 2070 malae
753 2011 925 2070 minuerunt
945 2011 1050 2071 taedia
1071 2011 1164 2070 vitae.

361 2094 445 2166 Quae
468 2100 501 2154 tu
522 2112 561 2154 ne
583 2094 701 2169 fuerint,
725 2094 864 2170 Maxime,
891 2112 979 2172 vanu,
1004 2112 1090 2155 eave.
1312 2088 1313 2127 l

318 2179 385 2240 Huc
408 2198 530 2257 quoque
552 2185 713 2239 venturum
734 2180 806 2239 mihi
829 2198 862 2240 se
884 2181 983 2240 iurare
1006 2179 1136 2257 solebat,

359 2265 426 2325 Non
448 2266 504 2325 nisi
527 2272 557 2325 te
578 2266 687 2343 longae
709 2266 756 2324 ius
778 2265 835 2325 sibi
858 2265 949 2327 dante
971 2266 1048 2325 viae.

255 2352 294 2411 35
317 2351 395 2411 Num
416 2357 470 2411 tua
491 2369 551 2411 non
573 2350 632 2411 ulio
656 2350 749 2410 coluit
770 2351 938 2429 penetralia
958 2351 1026 2424 ritu,

359 2437 519 2496 Terrarum
540 2438 678 2497 dominos
701 2454 791 2513 quam
815 2435 890 2496 colis
911 2438 977 2513 ipse
999 2436 1084 2497 deos.

319 2520 417 2582 Crede
439 2522 519 2596 mibi,
542 2522 653 2582 multos
675 2521 790 2581 babeas
814 2540 884 2581 oum
906 2522 1015 2599 dignus
1038 2524 1165 2602 amicos,

242 2616 244 2619 ’
359 2607 427 2667 Non
449 2608 504 2666 fuit
526 2626 542 2666 e
565 2607 667 2667 multis
690 2606 824 2684 quolibet
846 2605 897 2666 ille
920 2608 1030 2666 minor:

319 2690 350 2753 Si
373 2692 463 2753 modo
485 2710 546 2752 nou
570 2710 680 2751 census
702 2710 761 2751 nec
785 2692 902 2752 clarum
922 2710 1033 2752 nomen
1056 2712 1194 2771 avorum,

254 2781 295 2837 40
361 2775 423 2838 Sed
445 2777 580 2855 probitas
601 2795 726 2855 magnos
747 2779 960 2855 ingeniumque
982 2777 1065 2838 facit.

317 2863 385 2923 Iure
406 2864 496 2940 igitur
517 2863 659 2923 lacrimas
682 2861 772 2923 Celso
794 2861 925 2923 libamus
948 2863 1100 2941 adempto,

361 2946 438 3009 Cum
460 2948 604 3026 fugerem,
627 2949 696 3008 vivo
719 2967 796 3026 quas
819 2949 904 3009 dedit
925 2947 976 3008 ille
998 2949 1084 3023 mihi;

318 3032 460 3095 Carmina
481 3035 546 3094 iure
570 3034 678 3094 dumus
700 3052 784 3094 raros
806 3034 950 3094 testantia
971 3052 1081 3110 mores,

360 3119 399 3180 Ut
420 3126 475 3180 tua
495 3121 614 3180 venturi
635 3120 766 3193 nomina,
790 3117 888 3193 Celso,
911 3118 1023 3196 legant.

254 3209 294 3265 45
318 3206 383 3266 Hoc
407 3212 460 3282 est,
485 3206 566 3283 quod
589 3225 712 3283 possum
728 3204 839 3265 Geticis
861 3205 916 3265 tibi
938 3206 1056 3265 mittere
1080 3205 1120 3265 ub
1141 3209 1230 3284 urvis,

359 3291 424 3352 Hoc
447 3290 545 3351 solum
567 3297 614 3351 est
634 3293 711 3365 istic,
737 3289 818 3368 quod
841 3290 938 3368 liquet
959 3309 1027 3350 esse
1049 3309 1163 3351 meum.

317 3377 437 3437 Funera
458 3394 519 3436 non
541 3378 625 3454 potui
649 3377 802 3450 comitare,
825 3394 885 3436 nec
906 3394 1041 3453 unguere
1064 3394 1189 3456 corpus,

359 3462 446 3541 Aque
468 3464 528 3522 tuis
551 3468 614 3522 toto
638 3462 755 3522 dividor
777 3461 850 3521 orbe
872 3463 961 3539 rogis.

318 3547 376 3619 Qui
397 3549 503 3627 potuit,
529 3566 618 3625 quem
639 3554 673 3607 tu
695 3565 750 3626 pro
770 3548 892 3608 numine
914 3548 1001 3608 vivus
1023 3545 1174 3624 habebas,
