2660 4228
222 204 281 267 134
490 198 536 254 An
552 197 598 253 die
615 196 720 253 Gattin.
755 195 839 252 Trist.
851 196 885 256 V,
902 196 943 248 14.

304 354 424 438 Quanta
445 375 499 434 tibi
522 373 657 433 dederim
678 373 787 433 nostris
808 376 1003 431 monumenta
1024 369 1148 445 libellis,

346 461 371 521 Ο
394 461 466 520 mihi
488 478 536 519 me
560 460 691 519 coniunx
714 459 820 531 carior,
844 458 910 536 ipsa
931 456 1026 516 vides.

302 546 452 607 Detrahat
474 546 591 605 auctori
611 544 739 604 multum
760 544 880 603 fortuna
901 541 1021 602 licebit:

345 632 390 691 Tu
412 637 515 691 tamen
536 631 653 708 Ingenio
678 630 761 689 clara
783 629 879 689 ferere
901 646 978 687 meo.

262 719 280 776 5
303 717 441 794 Dumque
462 717 556 793 legar,
579 733 699 776 mecum
721 716 832 793 pariter
854 720 907 774 tua
928 713 1008 773 fama
1029 713 1160 790 legetur,
1308 708 1309 739 ³

345 802 411 862 Nec
432 808 520 879 potes
541 802 572 861 in
593 807 726 861 maestos
748 802 844 861 omnis
868 800 950 859 abire
971 816 1070 877 rogos.

305 887 441 965 Cumque
463 888 518 947 viri
542 906 616 947 casu
637 888 734 965 possis
755 885 927 946 miseranda
948 884 1053 956 videri,

346 973 484 1034 Invenies
508 972 634 1051 aliquae,
658 991 747 1051 quae,
772 972 853 1049 quod
878 989 919 1047 es,
944 988 1012 1030 esse
1034 970 1145 1046 veIInt;

303 1058 388 1132 Quae
411 1066 450 1133 te,
473 1065 643 1119 nostrorum
666 1077 736 1117 cum
758 1059 798 1117 sis
820 1058 851 1116 in
872 1061 958 1133 parte
979 1055 1140 1131 malorum,

244 1147 280 1203 lo
346 1144 481 1205 Felicem
504 1145 607 1204 dicant
628 1144 843 1221 invideantque
865 1142 928 1201 tibi.

303 1230 370 1289 Non
393 1248 448 1307 ego
472 1231 591 1289 divitias
614 1229 715 1289 dando
738 1229 792 1288 tibi
814 1228 902 1307 plura
923 1227 1089 1288 dedissem:

345 1315 394 1373 Nil
416 1315 492 1375 seret
515 1314 554 1374 ad
577 1332 680 1375 manes
703 1315 804 1374 divitis
826 1314 934 1373 umbra
955 1331 1036 1372 suos.

302 1400 444 1478 Perpetui
466 1400 597 1460 fructum
619 1400 729 1460 donavi
750 1400 886 1472 neminie,
910 1398 1011 1476 idque,

346 1486 412 1558 Quo
437 1486 509 1546 dare
531 1487 573 1545 nil
595 1487 679 1564 potui
701 1503 825 1546 munere
847 1485 953 1559 maius,
977 1484 1085 1545 habes.

243 1574 280 1630 15
303 1572 390 1632 Adde
413 1572 504 1649 quod,
528 1578 563 1631 ut
583 1590 685 1631 rerum
706 1571 772 1631 sola
795 1576 842 1630 est
864 1569 960 1630 tutela
981 1589 1127 1648 mearum,

345 1656 392 1717 Ad
414 1664 444 1717 te
466 1676 527 1717 non
548 1659 633 1735 parvi
655 1658 738 1716 venit
758 1656 880 1716 honoris
903 1673 988 1729 onus,

304 1742 391 1814 Quod
413 1761 578 1820 numquam
600 1761 660 1802 vox
683 1750 729 1802 est
752 1742 790 1802 de
812 1749 842 1801 te
864 1759 934 1800 mea
954 1746 1048 1815 muta,
1071 1744 1179 1821 tuique

345 1827 467 1887 Iudiciis
490 1828 584 1887 debes
607 1847 674 1888 esse
696 1827 829 1906 superba
850 1827 914 1885 viti.

304 1913 389 1985 Quae
411 1931 449 1972 ne
472 1914 539 1989 quis
560 1915 656 1991 possit
676 1914 837 1973 temeraria
859 1912 970 1988 dicere,
994 1919 1106 1990 persta,

242 1999 280 2056 20
346 1998 384 2057 Et
405 1999 518 2076 pariter
539 2016 628 2058 serva
649 2017 758 2076 meque
781 1999 923 2076 piamque
945 1997 1046 2057 fidem.

303 2083 381 2143 Nam
402 2089 464 2158 tua,
489 2083 561 2143 dum
583 2085 728 2160 stetimus,
752 2086 832 2162 turpi
853 2084 917 2143 sine
941 2085 1063 2143 crimine
1087 2088 1197 2146 mansit

346 2168 383 2227 Et
404 2187 523 2247 semper
544 2169 680 2247 probitas
701 2171 916 2247 inreprehensa
937 2168 1006 2245 suit3

304 2254 362 2315 Par
385 2254 493 2314 eadem
513 2262 618 2315 nostra
638 2273 720 2315 nunc
743 2261 790 2314 est
811 2255 866 2314 tibi
886 2255 970 2314 facta
992 2255 1093 2315 ruina:

347 2338 551 2418 Conspicuum
572 2341 667 2401 virtus
688 2341 738 2400 hic
760 2347 813 2401 tua
835 2346 928 2417 ponat
950 2358 1035 2418 opus.
1066 2337 1144 2421 [tum
1160 2350 1210 2418 est,

241 2426 279 2483 25
302 2425 377 2485 Esse
399 2425 511 2485 bonam
532 2426 622 2486 facile
645 2432 699 2498 est,
724 2426 784 2499 ubi,
809 2426 891 2502 quod
906 2431 989 2485 vetet
1010 2445 1088 2501 esse,
1112 2447 1211 2488 remo·
1308 2426 1309 2459 ³

345 2509 383 2569 Et
403 2510 476 2569 nihil
498 2511 598 2571 officio
620 2517 716 2590 nupta
738 2511 820 2589 quod
842 2512 943 2571 obstet
964 2510 1071 2586 habet3

305 2594 382 2654 Cum
405 2596 480 2655 deus
503 2597 639 2672 intonuit,
663 2615 723 2656 non
746 2616 779 2656 se
801 2597 974 2657 subducere
996 2598 1108 2674 nimbo,

345 2680 379 2739 ld
402 2680 524 2740 demum
547 2688 593 2741 est
614 2683 719 2760 pietas,
743 2683 774 2743 id
796 2683 918 2742 socialis
941 2700 1032 2742 amor.

303 2765 384 2825 Rara
407 2766 530 2842 quidem
551 2767 654 2841 virtus,
678 2786 770 2845 quam
791 2786 852 2827 non
873 2768 994 2828 fortuna
1016 2769 1175 2845 gubernet,
1308 2762 1309 2849 l

241 2853 280 2909 30
346 2851 430 2923 Quae
452 2859 575 2912 maneat
596 2853 706 2926 stabili,
730 2871 800 2913 cum
820 2852 896 2930 fugit
916 2852 976 2929 illa,
1001 2853 1090 2931 pede.
1308 2862 1309 2865 ’

304 2935 335 2996 Si
358 2956 419 3014 qua
440 2942 541 2996 tamen
563 2939 650 3015 pretii
672 2937 730 2997 sibi
751 2956 870 2998 merces
891 2939 958 3015 ipsa
978 2940 1066 3017 petiti

344 3022 439 3100 Inque
461 3041 568 3100 parum
589 3024 677 3083 laetis
701 3024 796 3084 ardua
818 3023 910 3084 rebus
933 3024 1034 3084 adest:

302 3106 341 3166 Ut
362 3113 481 3185 tempus
503 3127 653 3184 numeres,
676 3128 731 3187 per
753 3110 878 3169 saecula
898 3109 983 3169 nulla
1004 3115 1134 3188 tacetur,

345 3192 382 3251 Et
403 3193 474 3252 loca
495 3195 647 3269 mirantur,
672 3213 733 3272 qua
753 3201 838 3272 patet
860 3195 940 3254 orbis
962 3196 1027 3255 iter.
1308 3196 1309 3285 l

241 3280 280 3336 35
303 3277 429 3355 Aspicis,
456 3285 489 3339 ut
510 3279 599 3357 longo
623 3287 726 3341 teneat
747 3280 909 3341 laudabilis
932 3299 1007 3340 aevo

345 3363 697 3426 NomeninexstInctum
718 3365 889 3444 Penelopea
911 3366 1010 3426 fides‘l

304 3445 416 3524 Cernis,
441 3456 475 3508 ut
496 3449 617 3510 Admeti
640 3457 778 3511 cantetur
802 3457 832 3511 et
853 3450 991 3511 Hectoris
1014 3471 1102 3528 uxor,

345 3533 488 3612 Ansaque
511 3537 541 3595 in
565 3554 711 3597 accensos
732 3536 833 3614 Iphias
853 3537 897 3595 ire
920 3536 1030 3614 rugosi
1058 3562 1073 3589 s
