2660 4228
247 250 288 312 98
431 243 558 312 Eingang
574 242 632 296 und
649 241 808 309 Widmung.
843 239 920 295 Fast.
934 239 957 305 1,
973 241 1065 293 1—18.

332 419 485 496 Vestaque
509 417 677 478 Caesareos
698 419 776 476 inter
798 421 920 475 sacrata
941 422 1079 493 penates,

250 508 309 564 865
333 505 463 565 Etcum
486 503 638 563 Caesarea
660 509 702 576 tu,
726 502 848 562 Phoebe
871 501 1046 575 domestice,
1070 499 1176 576 Vesta,

334 591 452 667 Quique
474 596 561 649 tenes
583 589 661 648 altus
683 588 826 665 Tarpeias
847 587 981 665 luppiter
1003 604 1100 662 arces,

334 677 478 752 Quosque
503 675 577 734 alios
599 676 662 733 vati
683 674 729 733 fas
753 671 907 751 appellare
930 673 1074 750 piumque
1099 678 1159 732 est:
1295 696 1303 729 r

333 761 434 820 Tarda
457 762 495 820 sit
516 760 569 819 ilia
592 760 657 818 dies
680 764 711 818 et
731 764 835 818 nostro
858 758 953 817 serior
976 776 1061 832 aevo,

334 847 402 919 Qua
425 852 516 924 caput
537 845 715 923 Augustum,
741 863 832 921 quem
854 849 1010 921 temperat,
1041 842 1116 902 orbe
1144 842 1251 903 relicto

250 936 310 992 870
333 931 472 992 Accedat
496 932 581 992 caelo
604 931 766 1008 faveatque
788 928 984 1008 precantibus
1007 928 1128 988 absone.

655 1144 844 1202 EPILOGUS.

376 1251 504 1348 Iamque
528 1290 603 1349 opus
628 1272 724 1347 exegi,
747 1270 830 1346 quod
851 1289 911 1330 nec
929 1269 1007 1330 Iovis
1029 1272 1074 1330 ira
1096 1289 1157 1330 neo
1176 1273 1248 1349 ignis

334 1357 400 1416 Nec
421 1358 530 1434 poterit
553 1357 664 1415 sermm
685 1373 742 1414 nec
766 1356 845 1415 edax
868 1355 991 1416 abolere
1012 1362 1161 1417 vetustas.

337 1441 413 1501 Cum
435 1443 524 1517 volet,
549 1442 601 1500 illa
624 1442 698 1514 dies,
722 1459 800 1517 quae
823 1441 865 1501 nil
886 1443 944 1501 nisi
967 1444 1101 1519 corporis
1122 1444 1215 1503 huius
1305 1488 1306 1501 ,

334 1528 384 1587 Ius
406 1528 508 1603 habet,
533 1528 640 1586 incerti
661 1528 792 1604 spatium
813 1526 885 1585 mihi
907 1528 992 1587 finiat
1015 1529 1093 1587 aevi:

252 1617 311 1672 875
335 1613 424 1672 Parte
446 1620 549 1672 tamen
571 1613 693 1672 meliore
715 1613 775 1671 mei
796 1631 887 1691 super
909 1612 971 1672 alta
991 1616 1133 1691 perennis

335 1699 425 1758 Astra
447 1700 534 1772 ferar,
558 1716 729 1775 nomenque
752 1700 807 1757 erit
829 1698 991 1758 indelebile
1011 1706 1157 1759 nostrum.

337 1784 464 1861 Quaqua
487 1791 571 1861 patet
594 1784 714 1844 domitis
735 1783 873 1843 Romana
895 1785 1030 1861 potentia
1050 1787 1148 1862 terriS,

336 1869 395 1929 Ore
416 1869 501 1946 legar
522 1869 633 1947 populi,
659 1888 772 1947 perque
795 1870 895 1930 omnia
915 1869 1042 1929 saecula
1064 1870 1154 1946 fama,

337 1952 368 2013 Si
390 1955 463 2031 quid
485 1954 598 2014 habent
619 1956 683 2013 veri
704 1961 808 2014 vatum
829 1957 996 2033 praesagia,
1019 1957 1130 2016 vivam.

293 2370 335 2479 ΙΙ.
370 2368 448 2481 ius
468 2367 540 2479 dor
558 2366 699 2478 tastu
718 2366 811 2478 odor
830 2366 914 2478 don
933 2367 1216 2481 tostkalndcr.

526 2677 680 2763 Eiugaug
701 2677 769 2745 und
790 2677 979 2765 Widmmrg.

657 2798 714 2845 (nro.
728 2799 747 2850 1,
761 2796 843 2847 1-18.)

300 2898 354 2955 Ala
367 2897 461 2953 Inhalt
479 2899 570 2955 seinos
582 2898 702 2955 Werkes
719 2897 840 2966 kiindigt
858 2899 907 2953 der
919 2899 1037 2954 Dichter
1054 2900 1102 2955 die
1114 2902 1244 2957 romische

250 2975 435 3045 Einriehtung
452 2978 509 3031 und
521 2976 715 3045 Festordnung
733 2976 782 3033 des
794 2975 993 3042 Jahresleufes,
1014 2979 1101 3032 sowie
1113 2980 1168 3033 don
1179 2978 1244 3035 Aur-

251 3056 308 3109 und
322 3053 483 3122 Untergang
501 3055 551 3108 dor
563 3053 692 3109 Gestirno
710 3069 753 3108 an.
782 3053 821 3107 Er
832 3052 947 3108 widmet
964 3069 994 3109 aa
1012 3054 1075 3109 dem
1090 3054 1243 3110 bekannten

250 3131 337 3185 (iasar
355 3129 585 3184 Germanicus
610 3128 695 3194 (Sohn
714 3132 764 3185 des
781 3129 889 3185 Drusus
907 3132 963 3184 und
980 3128 1178 3198 Adoptivsohn
1198 3133 1243 3186 des

251 3208 399 3272 Tiberius),
421 3207 470 3260 der
487 3206 575 3261 salbst
592 3207 638 3260 ein
650 3206 880 3261 astronomisohes
892 3205 979 3263 Werk
996 3208 1046 3262 des
1058 3209 1243 3276 griechischen

249 3284 379 3340 Dichtors
396 3282 530 3339 Aratus
547 3283 741 3350 (Phainomena,
758 3283 1123 3354 Himmalaarsoheinungen)
1140 3286 1182 3343 ins
1193 3286 1243 3341 La-

129 3411 136 3429 ,
250 3361 385 3417 teinisohe
403 3361 569 3417 dhorsotzte.

336 3473 489 3571 Tempora
512 3513 582 3556 oum
605 3496 714 3570 causis,
738 3494 857 3554 Latium
880 3493 998 3575 digesta
1018 3514 1073 3574 per
1096 3515 1212 3573 annum,

378 3580 537 3657 Lapsaque
560 3577 617 3640 sub
640 3584 736 3656 terras
758 3586 884 3658 ortaque
906 3582 991 3658 signa
1013 3599 1131 3641 canam.
