2660 4224
269 286 402 356 Orpheus.
436 287 548 353 Marx,
562 290 720 344 86-14411.
732 289 782 354 XI,
798 291 888 342 1-84.
1034 293 1073 354 73

135 460 256 528 orpham
273 458 344 529 siapt
360 460 472 514 alsdana
490 477 540 514 ura
562 459 772 531 Ganymedes,
790 478 842 513 ven
860 459 1075 529 Hyacinthus,

77 554 130 590 aaa
148 537 355 607 Pppmalioa‚
373 554 424 589 voa
441 538 592 607 Myrrha,
610 555 661 590 von
678 536 805 590 Adonis
822 556 849 590 u.
868 556 901 605 a,
923 537 1013 591 meruit
1030 539 1075 591 dus

78 632 159 684 panae
182 616 270 667 aetate
287 615 365 669 Baelo
386 616 531 685 auspeft'tllt
552 614 628 668 wird.
669 616 729 669 Das
752 616 838 685 elste
859 616 951 669 aaut
972 615 1077 685 reptant

77 694 199 762 ahtana,
216 691 266 747 wia
276 694 368 763 folpt:
428 760 429 763 Ἴ

387 849 411 899 2.
437 848 505 902 Des
523 845 674 915 Orpheus
692 847 771 902 Tou.

505 941 556 993 uxr,
571 939 653 991 1-sr.)

134 1033 190 1087 Dia
212 1033 384 1089 thrauiseheu
406 1034 518 1090 Frauen
541 1037 644 1088 alimen
662 1034 725 1088 dem
743 1033 879 1103 Orpheus,
905 1034 972 1090 dass
989 1050 1020 1089 er
1037 1035 1078 1089 sia

77 1112 151 1167 naeh
170 1112 233 1166 dem
248 1112 379 1168 Verluste
398 1113 489 1165 seiher
506 1110 605 1166 Gattin
624 1111 678 1164 alle
697 1109 878 1164 versehmtihe
895 1111 951 1165 und
970 1109 1028 1167 siah
1046 1128 1078 1166 so

77 1191 186 1243 elusam
206 1188 237 1242 in
258 1190 312 1243 den
329 1188 465 1244 Wlildern
485 1186 622 1241 aufhalte.
658 1186 704 1242 Sie
722 1186 808 1242 fallen
829 1188 876 1244 bei
897 1188 947 1242 der
964 1187 1077 1256 Orgien-

78 1265 152 1320 seier
169 1265 235 1320 wild
253 1266 323 1321 liber
340 1264 388 1319 ihn
405 1264 455 1319 her
472 1265 529 1319 und
546 1268 625 1319 turen
642 1264 696 1319 lhn.
732 1264 859 1321 Baeehus
877 1263 960 1320 struit
977 1266 1026 1320 sie.

210 1387 349 1469 Carmine
373 1409 445 1468 dum
466 1407 520 1468 tali
542 1406 634 1468 silvas
658 1409 833 1484 animosque
854 1408 986 1468 ferarum

167 1494 322 1555 Threicius
344 1501 431 1554 vates
454 1500 483 1553 et
505 1512 581 1553 saxa
603 1495 762 1570 sequentia
784 1493 876 1568 duait,

165 1579 247 1640 Eece
269 1599 362 1640 nurus
386 1578 541 1652 Cieonum
564 1585 665 1638 tectae
687 1577 842 1655 lymphata
863 1579 964 1637 ferinis

168 1664 297 1724 Pectora
318 1662 491 1735 velleribus,
515 1663 622 1722 tumuli
644 1663 682 1721 de
705 1664 819 1722 vertice
842 1670 969 1722 cernunt

126 1752 144 1806 5
168 1749 290 1826 Orphea
311 1749 463 1825 percussis
485 1749 652 1807 sociantem
675 1749 810 1808 earmina
830 1750 938 1808 nervis.

168 1833 194 1892 E
217 1833 327 1909 quihus
349 1850 418 1907 una,
442 1832 542 1892 levem
562 1833 675 1892 iactate
699 1834 779 1893 crine
801 1852 857 1912 per
879 1853 991 1910 auram,

171 1917 274 1992 „Enl“
297 1919 346 1991 ait,
364 1937 422 1992 „en
436 1919 484 1978 hie
500 1924 546 1978 est
559 1920 652 1977 nostri
668 1918 892 1997 contempterl“
915 1927 945 1980 et
959 1922 1077 1983 hastam

169 2003 252 2064 Vatis
273 2003 422 2080 Apollinei
444 2003 563 2064 vocalia
585 2005 664 2064 misit
685 2006 715 2063 in
737 2023 803 2065 ora:

169 2089 254 2162 Quae
275 2089 353 2149 soliis
375 2096 518 2167 praesuta
539 2096 643 2150 natam
664 2092 729 2150 sine
750 2090 876 2151 vulnere
897 2092 978 2151 feeit.

107 2178 144 2234 10
167 2174 297 2235 Alterius
319 2175 413 2235 telum
434 2175 511 2252 lapis
535 2182 596 2250 est3
620 2177 680 2253 qui,
704 2177 823 2251 missus,
847 2178 965 2254 inipso

167 2260 245 2321 Aere
268 2268 419 2321 concentu
440 2262 540 2321 vietus
561 2263 707 2337 vocisque
729 2261 874 2338 lyraeque
897 2268 953 2334 est,

167 2346 213 2407 Aa
235 2346 329 2407 veluti
351 2346 480 2424 supplex
502 2364 556 2423 pro
579 2352 641 2406 tam
663 2345 821 2404 furialibus
845 2347 926 2405 ausis

166 2432 245 2491 Ante
267 2432 363 2509 pedes
383 2432 487 2490 iacuit.
532 2429 593 2489 Sed
617 2430 696 2488 enim
717 2431 878 2489 temeraria
900 2440 1041 2491 creseunt

168 2516 262 2592 Bella,
286 2517 456 2592 modusque
480 2515 561 2589 abiit,
585 2516 752 2590 insanaque
773 2520 879 2591 regnat
900 2513 1014 2593 Erinys.

108 2605 146 2662 15
171 2601 351 2678 Cunctaque
373 2600 436 2660 tela
457 2601 555 2659 forent
577 2605 669 2659 cantu
691 2598 814 2675 mollita,
838 2600 892 2660 sed
914 2601 1019 2680 ingens

170 2687 292 2748 Clamor
315 2693 345 2746 et
366 2685 469 2746 inflato
492 2684 672 2764 Berecyntia
693 2685 767 2745 tibia
790 2704 884 2747 eornu

168 2774 384 2852 Tympanaque
407 2780 437 2832 et
458 2771 584 2849 plausus
607 2777 637 2831 et
658 2771 791 2854 Bacchei
812 2773 947 2834 ululatus

170 2860 372 2937 Obstrepuere
395 2877 468 2918 sono
492 2857 635 2920 cirlarae.
680 2858 756 2918 Tum
778 2858 909 2937 denique
931 2878 1008 2920 saxa

170 2944 237 3004 Non
260 2944 395 3004 exauditi
416 2944 584 3003 rubuerunt
605 2946 751 3022 sanguine
773 2946 860 3004 vatis.

107 3033 148 3091 20
170 3029 215 3091 Aa
237 3032 372 3108 primum,
397 3018 539 3089 attonitas
562 3030 726 3089 etiamnum
747 3048 823 3089 voce
847 3031 992 3101 canentis,

170 3116 343 3176 Innumeras
365 3114 515 3188 volucres,
540 3133 713 3192 anguesque
737 3133 904 3192 agmenque
926 3115 1057 3175 ferarum

170 3201 334 3281 Maenades
356 3199 468 3279 Orphei
488 3199 609 3259 titulum
630 3218 758 3277 rapuere
780 3200 931 3277 triumphi.

169 3286 243 3348 lnde
267 3288 430 3346 cruentatis
451 3290 609 3345 vertuntur
629 3287 659 3345 in
682 3284 803 3362 Orphea
826 3286 949 3360 dextris,

169 3371 207 3431 Et
230 3377 341 3432 coeunt
362 3377 396 3431 ut
419 3389 500 3443 aves,
523 3370 692 3447 siquando
715 3371 785 3430 luae
807 3377 968 3447 vagantem

109 3460 147 3515 25
170 3457 275 3517 Noctis
298 3475 385 3516 avem
407 3462 545 3531 eemunt3
569 3462 746 3532 struetoque
768 3457 919 3532 utrimque
940 3456 1057 3518 theatro

172 3542 236 3603 Ceu
257 3542 405 3602 matutina
428 3561 535 3602 cervus
557 3543 707 3620 periturus
728 3541 844 3602 harena

97 3689 101 3696 ,
169 3627 287 3689 Praeda
298 3645 408 3686 eanum
420 3635 478 3687 est:
492 3635 653 3706 vatemque
664 3633 778 3707 petunt,
793 3634 823 3688 et
833 3627 939 3688 fronde
946 3628 1077 3688 virentes
