2660 4228
246 280 307 342 104
546 273 641 328 Arion.
677 274 753 328 Fast
765 272 802 338 Π,
816 274 942 326 tia-118.

330 451 405 525 Quis
428 451 480 510 ubi
501 451 543 510 nil
566 452 672 528 agitur,
697 451 810 527 patrias
832 441 910 508 male
932 448 1017 508 fortis
1039 449 1080 509 ad
1103 457 1189 512 artes

374 535 515 613 Confugit
538 542 568 596 et
589 536 727 596 flammas
749 553 801 594 ore
824 540 950 594 sonante
972 535 1075 594 vomit.

330 623 414 695 Quas
436 620 555 700 quoties
576 621 694 699 proflat,
719 621 833 698 spirare
854 619 998 698 Typhoia
1021 621 1141 696 credas,

372 707 410 767 Et
431 708 571 786 rapidum
591 706 727 767 Aetnaeo
749 705 850 783 fulgur
872 706 911 765 ab
933 706 1001 783 igne
1022 706 1093 765 iaci.

246 795 306 853 575
330 793 470 871 Occupat
491 791 623 867 Alcides,
649 793 844 868 adductaque
868 790 957 851 clara
977 792 1105 851 trinodis

372 878 430 939 Ter
452 886 561 956 quater
584 879 703 938 adversi
725 878 805 938 sedit
825 879 856 937 in
878 895 930 937 ore
952 877 1015 936 viri.

328 965 383 1025 Ille
407 966 490 1025 cadit
511 965 682 1041 mixtosque
705 965 798 1023 vomit
821 981 891 1022 cum
912 963 1058 1039 sanguine
1080 963 1183 1024 fumos

373 1050 411 1110 Et
432 1051 495 1110 lato
518 1052 649 1110 moriens
670 1055 795 1127 pectore
817 1048 933 1127 plangit
954 1048 1089 1108 humum.

329 1136 467 1195 Immolat
489 1154 528 1195 ex
550 1135 609 1195 illis
630 1142 750 1194 taurum
772 1134 835 1208 tibi,
858 1133 999 1212 luppiter,
1023 1152 1118 1193 unum

246 1224 307 1280 580
372 1220 484 1295 Viator,
509 1226 539 1280 et
559 1220 734 1280 Evandrum
755 1219 963 1297 ruricolasque
988 1225 1090 1279 vocat.

330 1304 553 1383 constituitque
575 1306 642 1377 sibi,
666 1323 746 1382 quae
769 1305 901 1364 Maxima
923 1305 1041 1381 dicitur,
1067 1323 1162 1379 aram,

371 1390 437 1466 Hic,
460 1391 513 1451 ubi
534 1410 605 1468 pars
627 1389 716 1451 Urbis
740 1390 778 1450 de
800 1389 878 1450 bove
900 1408 1011 1451 nomen
1032 1389 1138 1450 habet.

645 1654 700 1724 30.
729 1655 842 1724 Arion.

622 1777 682 1826 (Lib.
696 1778 727 1828 11,
748 1773 863 1824 83-118.)

296 1879 343 1936 An
365 1880 419 1935 den
442 1879 605 1947 Untergang
630 1878 681 1932 des
703 1877 965 1947 Delphingestirnas
989 1880 1041 1944 (am
1063 1883 1089 1932 4.
1110 1881 1241 1946 Februar)

243 1954 346 2023 kntlpit
368 1955 418 2010 der
440 1954 557 2009 Dichter
579 1955 626 2008 dio
651 1953 724 2022 Saga
746 1971 801 2009 von
824 1955 875 2009 der
895 1956 1098 2011 wunderbaren
1119 1957 1247 2027 Rottnng

245 2035 296 2087 des
317 2030 438 2098 Singara
456 2031 545 2086 Arion
570 2031 657 2086 durch
680 2032 733 2085 don
756 2030 887 2099 Delphin.
921 2030 1020 2095 Arion,
1045 2030 1247 2101 Zitherspielor

244 2109 302 2163 und
327 2107 639 2178 Dithyrambendichter
661 2123 712 2162 aus
733 2107 895 2178 Methymna
920 2107 972 2163 auf
994 2110 1103 2166 Lesbos
1125 2127 1174 2167 um
1197 2117 1246 2166 600

244 2203 271 2242 r·
289 2185 362 2251 Chr,
380 2201 438 2241 war
455 2184 566 2239 Freund
584 2183 633 2238 des
650 2183 799 2254 brunnen
817 2184 971 2242 Periander
989 2202 1046 2241 von
1062 2186 1193 2243 Korintlr.

330 2304 419 2387 Quod
442 2344 524 2385 mare
547 2342 608 2385 non
629 2326 721 2400 novit,
745 2344 825 2404 quae
847 2326 946 2386 nescit
966 2325 1079 2388 Ariona
1101 2329 1218 2391 tellus?

373 2409 511 2470 Carmine
536 2416 692 2471 currentes
713 2409 764 2470 ille
786 2412 911 2471 tenebat
934 2431 1042 2490 aquas;

268 2500 306 2556 85
331 2494 430 2575 Saepe
452 2515 584 2574 sequens
607 2515 714 2573 agnam
735 2495 827 2575 lupus
850 2504 896 2557 est
918 2516 936 2556 a
957 2515 1034 2558 voce
1057 2505 1204 2578 retentus,

373 2580 472 2659 Saepe
496 2581 618 2641 avidum
640 2582 758 2658 fugiens
780 2583 890 2642 restitit
913 2601 990 2660 agna
1011 2583 1132 2662 lupum3

330 2664 430 2745 Saepe
454 2684 546 2726 canes
567 2666 748 2744 leporesque
770 2686 832 2726 una
854 2668 989 2729 cubuere
1011 2669 1069 2729 sub
1091 2672 1212 2747 umbra,

372 2750 410 2810 Et
431 2753 514 2810 stetit
536 2753 566 2810 in
588 2768 663 2810 saxo
685 2754 823 2828 proxima
846 2771 937 2814 cerva
958 2754 1038 2829 leae;

330 2837 367 2897 Et
388 2837 452 2896 sine
475 2835 527 2895 lite
549 2835 663 2914 loquax
687 2854 756 2897 cum
778 2837 912 2899 Palladis
935 2838 1005 2899 alite
1029 2842 1135 2901 cornix

268 2925 307 2981 90
374 2919 467 2998 Sedit,
493 2928 524 2981 et
546 2922 684 2999 accipitri
705 2923 809 2982 iuncta
833 2924 975 2985 columba
996 2925 1062 2985 fuit.

333 3006 462 3086 Cynthia
483 3025 576 3085 saepe
599 3009 660 3066 tuis
681 3007 784 3082 fertur,
808 3009 924 3069 vocalis
945 3008 1046 3085 Arion,

372 3093 540 3169 Tamquam
563 3093 701 3152 fraternis
724 3093 905 3171 obstipuisse
926 3096 1033 3156 modis.

330 3179 446 3238 Nomen
466 3177 621 3238 Arionium
643 3176 763 3238 Siculas
784 3180 952 3257 inpleverat
974 3181 1075 3257 urbes,

374 3262 532 3341 Captaque
556 3269 621 3323 erat
643 3263 744 3341 lyricis
765 3263 894 3325 Ausonis
917 3283 971 3325 ora
992 3269 1084 3327 sonis.

268 3351 306 3407 95
330 3349 403 3410 Inde
426 3350 549 3408 domum
563 3355 712 3426 ‚repetens
734 3351 857 3428 puppim
880 3352 1059 3412 conscendit
1080 3352 1187 3432 Arion,

372 3433 472 3512 Atque
493 3435 537 3494 ita
558 3435 712 3511 quaesitas
736 3442 799 3494 arte
822 3436 940 3496 ferebat
962 3456 1045 3515 opes.

330 3518 477 3594 Forsitan,
500 3520 612 3596 infelix,
636 3526 742 3579 ventos
764 3521 923 3598 undasque
945 3523 1088 3584 timebas:

373 3603 412 3664 At
433 3604 487 3664 tibi
510 3623 587 3664 nave
609 3611 664 3664 tua
684 3605 778 3665 tutius
801 3623 915 3683 aequor
937 3614 1011 3668 erat.
1088 3684 1093 3692 ι
