2660 4228
251 254 312 318 102
358 249 447 304 lanus
464 249 515 303 mit
533 248 595 303 dem
613 245 842 316 Doppelgesicht.
878 246 955 300 Fast.
970 246 994 312 Ι,
1008 246 1138 299 53-182,

253 429 310 484 145
334 424 471 497 Dixerat;
497 428 527 482 et
548 423 643 496 vultu,
667 423 692 481 si
714 421 802 499 plura
823 421 975 498 requirere
998 421 1119 496 vellem,

377 509 537 569 Difficilem
559 509 631 567 mihi
652 526 685 567 se
708 525 769 565 non
790 507 854 566 fore
876 513 985 584 pactus
1009 513 1083 566 erat.

335 595 456 673 Sumpsi
479 595 610 654 animum
632 598 793 670 gratesque
817 592 874 652 deo
896 610 956 651 non
978 593 1101 652 territus
1124 595 1181 671 egi,

377 680 538 757 Verbaque
561 698 628 738 sum
649 684 792 756 spectans
813 696 915 756 pauca
935 678 1058 738 locutus
1079 679 1221 738 humum:

337 767 422 843 „nia
447 784 511 843 age,
535 763 693 842 frigoribus
716 782 809 841 quare
831 782 928 823 novus
949 764 1054 841 incipit
1078 783 1183 838 annus,

254 857 313 913 150
380 852 437 924 Qui
459 851 567 911 melius
589 869 643 928 per
663 868 717 909 ver
738 849 928 927 incipiendus
952 848 1037 908 erati

298 986 301 990 .
336 938 444 999 Omnia
465 943 538 996 tunc
560 936 678 1008 florent,
701 941 774 994 tunc
798 941 844 995 est
863 952 944 994 nova
965 936 1110 1013 temporis
1133 942 1226 1010 aetas,

378 1023 415 1083 Et
436 1040 516 1083 nova
538 1023 576 1082 de
601 1021 724 1099 gravido
746 1021 869 1099 palmite
892 1038 1010 1096 gemma
1030 1026 1139 1096 tumet,

334 1109 371 1169 Et
392 1109 483 1167 modo
505 1108 639 1167 formatis
662 1107 795 1185 operitur
815 1106 972 1166 frondibus
996 1106 1094 1181 arbor,

378 1194 481 1254 Prodit
504 1200 534 1254 et
554 1195 585 1252 in
606 1211 756 1252 summum
778 1192 899 1252 seminis
920 1192 1017 1251 herba
1038 1191 1150 1265 solum;

255 1283 312 1339 155
336 1279 374 1338 Et
395 1278 531 1357 tepidum
553 1278 693 1338 volucres
718 1277 916 1337 concentibus
939 1281 1010 1336 aira
1032 1277 1177 1352 mulcent,

378 1364 469 1424 Ludit
492 1365 573 1423 etin
595 1365 688 1441 pratis
710 1362 904 1440 luxuriatque
926 1381 1031 1440 pecus.

336 1449 412 1510 Tum
434 1449 539 1508 blandi
561 1448 650 1523 soles,
673 1450 835 1525 ignotaque
858 1448 959 1526 prodit
980 1449 1109 1508 hirundo

378 1534 415 1594 Et
438 1535 554 1595 luteum
577 1534 660 1594 celsa
682 1533 738 1593 sub
762 1533 848 1593 trabe
871 1534 935 1611 figit
957 1553 1042 1611 opus.

335 1621 411 1681 Tum
432 1622 545 1700 patitur
568 1620 668 1679 cultus
691 1638 762 1697 ager
785 1625 815 1678 et
836 1625 999 1679 renovatur
1022 1625 1136 1680 aratro:

255 1711 313 1766 160
379 1706 463 1766 Haec
487 1708 556 1766 anni
577 1707 695 1766 novitas
716 1707 781 1765 iure
803 1705 944 1765 vocanda
965 1704 1052 1764 fuit.“

337 1791 533 1864 Quaesieram
554 1792 669 1865 multis;
693 1809 753 1851 non
775 1791 877 1851 multis
898 1790 949 1850 ille
972 1797 1107 1850 moratus

380 1875 514 1936 Contulit
535 1878 565 1935 in
587 1896 694 1940 versus
715 1878 760 1936 sio
782 1895 839 1936 sua
860 1875 954 1935 verba
977 1877 1066 1936 duos:

337 1961 469 2036 „Bruma
489 1963 559 2021 noui
580 1963 677 2038 prima
699 1968 752 2032 est,
782 1962 954 2038 veterisque
975 1962 1141 2021 novissima
1162 1963 1244 2022 solis:
1310 2030 1311 2041 χ

379 2047 561 2124 Principium
585 2048 708 2125 capiunt
729 2046 870 2106 Phoebus
893 2052 923 2106 et
946 2065 1042 2106 annus
1064 2048 1179 2107 idem.“

255 2136 312 2192 165
336 2132 408 2192 Post
431 2151 468 2192 ea
488 2132 628 2208 mirabar,
654 2151 708 2192 eur
728 2151 789 2191 non
812 2133 875 2192 sine
898 2132 1001 2192 litibus
1024 2139 1106 2192 essct

379 2217 478 2277 Prima
501 2217 574 2278 dies.
620 2216 774 2291 „Causam
796 2218 958 2296 percipe!“
980 2218 1071 2277 lanus
1094 2219 1145 2278 ait.

337 2304 506 2382 „Tempora
528 2305 663 2363 commisi
685 2305 843 2364 nascentia
864 2304 956 2363 rebus
979 2304 1114 2381 agendis,

377 2389 471 2449 Totus
495 2389 533 2448 ab
557 2390 692 2467 auspicio
715 2408 753 2449 ne
775 2389 852 2448 foret
875 2407 971 2448 annus
992 2391 1082 2449 iners.

290 2499 292 2503 ¹
336 2475 470 2552 Quisque
492 2494 564 2535 suas
588 2481 667 2535 artes
689 2476 728 2535 ob
751 2476 831 2535 idem
853 2474 968 2534 delibat
990 2475 1117 2552 agendo,

255 2564 312 2620 170
377 2560 442 2620 Nec
464 2561 532 2639 plus
555 2578 646 2637 quam
667 2561 788 2620 solitum
809 2561 990 2620 testificatur
1011 2561 1119 2639 opus.“

335 2645 406 2705 Mox
429 2664 496 2722 ego:
522 2644 613 2719 „Con
637 2647 775 2723 quamvis
798 2646 924 2705 aliorum
945 2647 1068 2705 numina
1090 2647 1221 2724 placem,

377 2730 458 2804 lane,
482 2731 536 2789 tibi
558 2731 687 2808 primum
708 2738 777 2791 tura
797 2750 973 2809 merumque
996 2730 1101 2791 lerol“

337 2815 396 2890 „Ut
417 2817 514 2893 possis
537 2816 651 2875 aditum
673 2835 728 2895 per
749 2836 806 2890 me,
830 2818 882 2893 qui
902 2817 1005 2876 limina
1027 2835 1125 2892 servo,

378 2900 424 2962 Ad
448 2920 657 2979 quoscumque
680 2902 795 2977 volcs“,
817 2903 922 2980 inquit,
947 2903 1081 2977 „habere
1105 2903 1211 2964 deos.“

256 2991 312 3046 175
337 2986 395 3062 ,,Α1
419 3006 473 3046 cur
494 2987 576 3047 laeta
597 2988 656 3062 tuis
680 2988 821 3048 dicuntur
842 2987 936 3047 verba
957 2989 1112 3062 Kalendis,

377 3073 414 3131 Et
437 3075 543 3132 damus
566 3073 697 3132 alternas
720 3074 946 3152 accipimusque
969 3074 1118 3152 preces‘l“

334 3158 411 3218 Tum
433 3159 509 3218 deus
531 3159 709 3219 incumbens
732 3159 851 3233 baculo,
876 3177 967 3234 quem
987 3159 1096 3219 dextra
1110 3159 1240 3237 gerebat,

379 3243 508 3319 „Omina
528 3244 710 3321 principiis“,
735 3245 838 3323 inquit,
863 3246 982 3318 „inesse
1005 3244 1112 3304 solent.

335 3329 383 3389 Ad
405 3331 531 3408 primam
552 3348 660 3390 vocem
681 3330 801 3390 timidas
824 3330 978 3390 advertitis
1001 3348 1100 3401 aures,

254 3417 312 3473 180
378 3414 415 3474 Et
436 3417 531 3474 visam
552 3417 680 3493 primum
704 3415 833 3475 consulit
856 3433 951 3492 augur
974 3434 1069 3475 avem.

336 3499 460 3579 Templa
481 3507 587 3579 patent
610 3519 758 3577 auresque
781 3501 882 3575 deum,
904 3520 963 3561 nec
985 3501 1087 3578 lingua
1110 3502 1240 3562 caduces

380 3584 518 3664 Concipit
540 3586 604 3645 ulla
625 3603 740 3664 preces,
766 3585 908 3663 dictaque
930 3587 1049 3664 pondus
1071 3587 1216 3648 habent.“

651 3699 854 3712 *uu-m.—
