2660 4224
369 247 502 304 Achilles.
537 248 602 304 1111.
614 247 678 314 XII,
693 249 818 304 61-618,
1051 252 1091 314 87

178 424 307 502 Ecquid,
331 423 384 483 ubi
405 425 460 484 has
483 424 625 483 iamiam
648 441 773 483 casuras
795 423 906 502 aspicis
929 440 1024 496 arces,

179 508 331 588 Ingemisl
353 514 405 569 aut
429 510 540 586 ecquid
561 515 607 569 tot
629 508 823 569 defendentia
843 526 946 568 muros

94 597 156 655 100
180 594 262 655 Milia
284 612 376 655 caesa
398 594 507 654 dolesl
530 595 649 672 ecquid,
672 613 711 654 ne
732 612 899 672 persequar
920 611 1032 668 omnes,

180 680 319 741 Hectoris
346 681 454 740 umbra
475 679 570 754 subit,
601 680 716 739 circum
738 699 794 740 sua
815 678 963 757 Pergama
984 678 1094 739 tractil

182 764 259 827 Cum
280 771 382 825 tamen
403 765 454 825 ille
476 766 561 825 ferox
583 763 725 843 belloque
749 766 901 826 cruentior
921 767 987 842 ipso

181 850 260 910 Vivit
283 851 392 926 adhuc,
417 852 516 929 operis
537 851 631 910 nostri
653 849 821 927 populator,
846 848 993 910 Achilles!

61 965 68 979 ·
180 935 239 996 Det
260 936 332 996 mihi
354 955 400 996 se:
425 936 506 1008 faxo,
528 935 638 1013 triplici
661 935 733 1011 quid
757 934 883 1012 cuspide
905 937 1026 1012 possim,

93 1019 306 1091 bilbsentiat.
351 1020 389 1081 At
412 1022 554 1098 quoniam
577 1037 757 1080 concurrere
781 1022 948 1080 comminus
968 1020 1047 1084 hosti

180 1107 247 1166 Non
269 1107 368 1182 datur,
391 1106 514 1167 occulta
535 1105 717 1184 necopinum
737 1105 832 1183 perde
854 1104 998 1182 sagittal“

224 1191 345 1267 Adnuit,
371 1197 462 1269 atque
486 1192 583 1250 animo
605 1191 717 1268 pariter
738 1197 907 1270 patruoque
929 1209 1046 1268 suoque

179 1277 284 1338 Delius
305 1277 472 1355 indulgens,
496 1275 610 1336 nebula
631 1275 757 1351 velatus,
781 1277 811 1335 in
835 1294 941 1356 agmen

181 1362 321 1423 Pervenit
341 1362 467 1423 Iliacum
487 1362 649 1439 mediaque
670 1361 701 1420 in
724 1361 820 1422 caede
842 1363 973 1426 virorum

93 1451 157 1508 600
178 1447 261 1508 Rara
281 1467 336 1526 per
356 1449 475 1526 ignotos
496 1453 688 1525 spargentem
712 1447 807 1507 cernit
828 1445 959 1506 Achivos

179 1532 254 1593 Tela
274 1532 372 1608 Parin,
399 1533 559 1610 fassusque
582 1533 689 1591 deum:
722 1531 822 1604 „Quid
849 1530 968 1608 spicula
992 1532 1093 1608 perdis

180 1617 334 1695 Sanguine
356 1616 495 1695 1111111111ιι
520 1617 574 1689 111;
599 1617 644 1689 „si
668 1633 729 1691 qua
744 1621 789 1674 est
804 1614 859 1674 tibi
875 1634 949 1675 cura
962 1621 1090 1691 tuorum,

179 1703 303 1763 Vertere
325 1702 356 1761 in
377 1700 532 1760 Aeaciden
554 1717 722 1776 caesosque
744 1699 892 1759 ulciscere
915 1701 1061 1761 fratres!“

182 1788 274 1859 Dixit,
298 1792 328 1845 et
350 1786 512 1845 ostendeus
534 1790 717 1843 sternentem
737 1783 846 1844 Troica
867 1785 945 1845 ferro

97 1875 158 1932 605
183 1869 318 1948 Corpora
339 1869 473 1944 Peliden,
497 1888 586 1930 arcus
608 1869 737 1930 obvertit
758 1871 788 1929 in
810 1869 895 1929 illum

184 1954 334 2034 Certaque
356 1955 473 2016 letifera
495 1955 603 2015 direxit
625 1954 743 2033 spicula
764 1956 881 2016 dextra.

183 2041 271 2114 Quod
292 2040 428 2101 Priamus
451 2041 584 2118 gaudere
610 2058 704 2100 senex
730 2046 798 2119 post
820 2039 953 2101 Hectora
980 2049 1089 2119 posset,

181 2126 246 2187 Hoc
268 2120 332 2187 fult.
376 2126 430 2186 Ille
452 2127 542 2204 igitur
563 2132 716 2186 tantorum
737 2128 842 2200 victor,
865 2125 991 2201 Achille,

180 2211 314 2272 Vinceris
338 2231 356 2272 a
377 2212 481 2270 timido
505 2211 611 2271 Graiae
633 2218 754 2288 raptore
776 2210 917 2272 maritae!

96 2301 156 2358 610
179 2296 219 2357 At
240 2299 266 2356 si
287 2298 415 2357 femineo
438 2296 537 2356 fuerat
557 2295 612 2355 tibi
634 2301 730 2355 marte
753 2295 933 2370 cadendum,

179 2382 453 2442 Thermodontiaca
473 2380 581 2440 malles
603 2381 751 2440 cecidisse
773 2380 904 2458 bipenni.

179 2467 243 2526 Iam
264 2468 353 2526 timor
374 2465 425 2525 ille
447 2464 607 2543 Phrygum,
632 2464 727 2524 decus
750 2471 780 2524 11
802 2465 898 2524 tutela
919 2463 1037 2543 Pelasgi

179 2552 323 2627 Nominis,
347 2550 506 2623 Aeacides,
530 2555 624 2627 caput
644 2549 847 2626 insuperabile
870 2550 959 2627 bello,

180 2637 316 2710 Arserat;
342 2641 473 2696 armarat
495 2633 571 2695 deus
593 2635 682 2707 idem,
706 2634 847 2714 idemque
870 2644 1028 2699 cremarat.

98 2722 157 2780 615
180 2722 244 2782 Iam
267 2723 342 2781 cinis
365 2727 423 2795 est;
449 2726 478 2780 11
501 2720 623 2780 delam
645 2738 753 2797 magno
776 2726 870 2782 restat
890 2721 1008 2782 Achille

180 2807 290 2867 Nescio
306 2806 388 2884 quid,
403 2824 528 2884 parvam
542 2806 624 2884 quod
639 2823 700 2864 non
715 2805 793 2867 bene
810 2808 962 2885 compleat
976 2825 1090 2868 urnam.

180 2891 220 2952 At
242 2893 322 2962 vivit,
346 2897 443 2952 totum
465 2910 544 2968 quae
567 2891 662 2968 gloria
684 2891 836 2970 compleat
858 2892 971 2951 orbem.

181 2976 265 3036 Haec
287 2976 329 3036 illi
351 2993 494 3036 mensura
514 2977 578 3036 viro
599 2975 772 3053 respondet,
797 2981 827 3034 11
848 2975 908 3034 hac
932 2980 977 3033 est

181 3061 239 3121 Par
260 3060 317 3121 sibi
338 3060 467 3136 Pelides,
489 3078 548 3119 nec
570 3060 671 3118 inania
692 3059 819 3119 Tartara
840 3060 939 3119 sentit.

99 3146 247 3223 6201pse
271 3147 369 3222 etiam,
393 3152 435 3220 ut,
460 3145 547 3204 cuius
568 3143 665 3218 fuerit,
690 3161 875 3220 cognoscere
897 3142 1003 3221 possis,

180 3231 266 3292 bella
286 3238 387 3293 movet
410 3231 534 3309 clipeus,
559 3227 658 3303 deque
682 3229 771 3287 armis
794 3246 878 3288 arms
898 3229 1041 3302 feruntur,

182 3317 250 3377 Non
273 3335 310 3376 11
331 3316 470 3394 Tydides,
494 3330 555 3373 nou
578 3311 670 3371 audet
692 3309 794 3371 Oileos
816 3311 901 3386 Aiax,

182 3402 249 3462 Non
271 3402 368 3460 minor
389 3399 517 3475 Atrides,
540 3414 601 3455 non
623 3394 704 3455 bello
727 3397 823 3455 maior
845 3403 875 3457 et
898 3413 973 3456 aevo

182 3486 321 3560 Poscere,
345 3503 405 3543 non
427 3485 489 3559 alii;
513 3481 569 3542 soli
590 3480 753 3541 Telamone
777 3486 879 3542 creato

101 3575 158 3631 625
182 3572 352 3648 Laerteque
375 3569 430 3630 fuit.
451 3575 554 3659 tantae
576 3566 691 3627 fiducia
712 3565 820 3626 laudis.
