2660 4224
251 217 422 283 Vsrderbnis
439 218 488 275 der
505 218 662 275 Mensohen.
699 219 764 273 Met.
776 204 805 286 I,
815 221 956 274 lot-261.
1061 226 1100 287 15

193 393 384 474 Tempestate
406 396 457 471 fui,
482 413 544 472 qua
566 400 689 455 oentum
711 396 839 474 quisque
861 396 990 474 parabat

192 483 305 542 Inioere
328 480 532 559 anguipedum
555 482 674 558 captivo
696 480 842 542 branchia
864 481 960 542 caelo.

109 567 169 624 185
192 569 268 628 Nam
284 586 468 645 quamquam
486 567 567 626 ferus
580 566 675 627 hostis
691 574 763 643 erat,
779 573 882 628 tamen
895 567 970 628 illud
987 568 1025 628 ab
1041 587 1100 630 uno

194 654 325 732 Corpore
348 659 379 713 et
401 671 440 713 ex
461 671 523 712 una
543 652 698 731 pendebat
719 649 831 730 origine
853 651 976 713 bellum.

192 739 280 799 Nune
302 737 383 813 mihi,
410 756 470 815 qua
495 743 593 797 totum
612 737 730 798 Nereus
756 739 959 800 circumsonat
986 739 1100 812 orbem,

192 824 383 885 Perdendum
406 829 453 883 est
472 822 598 883 mortale
622 841 726 900 genus.
770 823 827 884 Per
848 823 972 884 llumina
992 826 1058 884 iuro

191 906 290 970 Infera
311 909 368 969 sub
390 915 486 969 terras
508 906 611 987 Stygio
633 908 767 968 labentia
787 908 871 968 luno:

109 1005 169 1061 190
194 995 312 1056 Cunota
333 995 416 1073 prius
437 1000 598 1072 temptata3
621 994 675 1053 sed
698 993 911 1054 inmedicabile
932 994 1041 1055 vulnus

190 1080 270 1141 Ense
290 1080 488 1141 recidendum
510 1085 565 1154 est,
588 1097 627 1138 ne
648 1097 719 1155 pars
740 1080 860 1140 sincera
880 1080 1026 1140 trahatur.

192 1165 268 1227 Sunt
289 1166 362 1225 mihi
383 1165 517 1239 semidei,
541 1170 610 1224 sunt
631 1166 746 1224 rustica
765 1166 896 1241 numina,
919 1165 1076 1245 Nymphae

177 1253 349 1329 'Faunique
370 1248 529 1330 Satyrique
553 1257 583 1310 et
603 1249 785 1310 monticolae
808 1248 934 1311 Silvani:

191 1338 274 1410 Quos
297 1338 437 1415 quoniam
460 1336 539 1396 caeli
559 1336 692 1396 nondum
715 1337 872 1414 dignamur
892 1337 1014 1414 honore,

109 1430 168 1487 195
192 1424 275 1496 Quas
298 1422 446 1497 dedimus,
470 1428 553 1482 certe
574 1428 670 1481 terras
691 1421 829 1482 habitare
851 1424 994 1483 sinamus.

191 1508 238 1569 An
260 1510 342 1583 satis,
365 1527 383 1567 o
406 1506 522 1585 Superi,
546 1513 627 1567 tutos
649 1507 713 1565 fore
736 1507 859 1566 creditis
879 1506 956 1582 illos,

193 1593 271 1654 Cum
292 1594 371 1666 mihi,
395 1594 447 1668 qui
467 1592 590 1665 fulmen,
618 1592 746 1667 quivos
770 1590 931 1666 habeoque
958 1608 1099 1670 regoque‚

193 1677 343 1739 Struxerit
362 1676 487 1734 insidias
507 1681 597 1733 notus
619 1674 737 1733 feritate
759 1674 922 1753 Lycaoni“

236 1761 453 1821 Confremuere
475 1776 588 1833 omnes,
611 1758 777 1837 studiisque
800 1759 975 1821 ardentibus
994 1779 1101 1824 ausum

109 1851 171 1909 200
193 1844 282 1904 Talia
304 1844 480 1922 deposcunt.
525 1841 584 1920 Sic,
609 1861 679 1904 oum
700 1862 806 1905 manus
828 1847 920 1924 impia
940 1849 1037 1908 saevit

194 1929 345 2007 Sanguine
369 1927 518 1990 Caesareo
540 1929 708 1990 Romanum
730 1932 905 2009 extinguere
927 1951 1036 1994 nomen

192 2016 358 2076 Attonitum
379 2020 464 2075 tanto
485 2015 603 2076 subitae
625 2023 740 2077 terrore
761 2019 866 2078 ruinae

191 2101 362 2162 Humanum
383 2119 479 2178 genus
502 2107 548 2161 est
569 2107 712 2179 totusque
733 2104 904 2180 perhorruit
925 2104 1017 2165 orbis.

190 2187 255 2247 Neo
276 2186 331 2246 tibi
353 2193 439 2263 grata
459 2187 557 2246 minus
578 2188 683 2264 pietas,
707 2186 851 2266 Auguste,
874 2195 995 2250 tuorum
1017 2196 1071 2266 est,

106 2276 166 2334 205
191 2273 290 2345 Quam
310 2272 366 2332 iuit
387 2270 440 2331 illa
460 2270 531 2331 Iovi.
576 2272 634 2344 Qui
655 2279 817 2350 postquam
843 2292 920 2333 voce
946 2292 1100 2353 manuque
1123 2278 1128 2283 ’

190 2358 344 2417 Murmura
366 2357 553 2433 compressit,
576 2363 701 2416 tenuere
723 2357 843 2417 silentia
865 2359 976 2416 cunuti.

191 2441 330 2502 Substitit
351 2446 385 2499 ut
408 2441 530 2514 elamor,
553 2458 675 2517 pressus
698 2441 843 2518 gravitate
865 2442 1005 2519 regentis,

189 2527 323 2605 luppiter
342 2526 402 2585 hoo
423 2527 532 2585 iterum
552 2542 691 2585 sermons
713 2525 831 2586 silentia
852 2528 944 2605 rupit:

233 2611 307 2686 „ills
323 2610 445 2688 quidem
459 2628 581 2688 poenas,
607 2626 711 2672 curam
725 2612 805 2672 hano
824 2611 973 2689 dimittite,
995 2614 1097 2691 solvit;

107 2702 167 2759 210
191 2696 279 2770 Quod
302 2703 404 2757 tamen
427 2696 597 2772 admissum,
623 2713 700 2774 quae
722 2699 760 2757 ait
780 2699 923 2774 vindicta,
948 2698 1077 2761 docebo.

191 2782 365 2861 Contigerat
385 2788 503 2843 nostras
525 2783 647 2842 infamia
667 2785 810 2861 temporis
834 2803 935 2860 aures;

190 2869 288 2941 Quam
311 2869 435 2945 cupiens
456 2866 572 2942 falsam,
596 2886 712 2928 summo
736 2868 863 2930 delabor
884 2869 1021 2948 Olympo,

188 2953 226 3014 Et
247 2954 324 3013 deus
346 2953 478 3013 humana
498 2953 593 3012 lustro
616 2953 673 3013 sub
695 2955 824 3031 imagine
846 2961 954 3015 terras.

189 3039 292 3116 Longa
305 3056 391 3099 mora
405 3045 460 3111 est,
482 3045 628 3114 quantum
641 3056 740 3098 noxae
755 3040 794 3099 sit
808 3039 921 3117 ubique
936 3046 1096 3119 repertum,

107 3126 166 3183 215
189 3123 384 3185 Enumerare:
408 3124 505 3183 minor
525 3122 581 3182 fuit
602 3124 669 3201 ipsa
689 3124 811 3184 infamia
832 3143 913 3185 vero.

189 3209 327 3269 Maenala
348 3210 534 3283 transieram,
558 3207 682 3268 latebris
701 3209 854 3269 horrenda
874 3210 1012 3285 ferarum,

189 3293 227 3353 Et
249 3312 318 3353 oum
341 3291 465 3373 Cyllene
488 3292 578 3370 gelidi
600 3294 702 3370 pineta
723 3293 844 3371 Lyeaei.

190 3378 325 3440 Arcados
346 3380 416 3439 hino
438 3378 528 3440 sedes
551 3383 580 3438 et
601 3378 752 3455 inhospita
772 3384 855 3439 teota
875 3379 993 3458 tyranni

190 3463 351 3541 Ingredior,
374 3466 528 3525 traherent
551 3481 620 3523 oum
642 3481 712 3523 sera
734 3464 914 3542 crepuscula
935 3471 1064 3527 noctem.

108 3552 167 3609 220
192 3547 284 3628 Signa
306 3550 386 3625 dedi,
408 3551 526 3611 venisse
548 3548 651 3625 deum;
675 3548 843 3629 vulgusque
865 3553 983 3629 precari
