<?xml version="1.0" encoding="UTF-8"?>
<!DOCTYPE html PUBLIC "-//W3C//DTD XHTML 1.0 Transitional//EN"
    "http://www.w3.org/TR/xhtml1/DTD/xhtml1-transitional.dtd">
<html xmlns="http://www.w3.org/1999/xhtml" xml:lang="en" lang="en">
 <head>
  <title>
</title>
<meta http-equiv="Content-Type" content="text/html;charset=utf-8" />
  <meta name='ocr-system' content='tesseract 3.04.00' />
  <meta name='ocr-capabilities' content='ocr_page ocr_carea ocr_par ocr_line ocrx_word'/>
</head>
<body>
  <div class='ocr_page' id='page_1' title='image "./lateinischedich00bonegoog_0037.png"; bbox 0 0 2660 4224; ppageno 0'>
   <div class='ocr_carea' id='block_1_1' title="bbox 229 277 938 344">
    <p class='ocr_par' dir='ltr' id='par_1_1' title="bbox 229 277 938 344">
     <span class='ocr_line' id='line_1_1' title="bbox 229 277 938 344; baseline -0.007 -9"><span class='ocrx_word' id='word_1_1' title='bbox 229 281 270 344; x_wconf 81' lang='grc'>24</span> <span class='ocrx_word' id='word_1_2' title='bbox 515 278 666 333; x_wconf 75' lang='lat' dir='ltr'>Phadthon.</span> <span class='ocrx_word' id='word_1_3' title='bbox 701 277 766 333; x_wconf 80' lang='lat' dir='ltr'>Met.</span> <span class='ocrx_word' id='word_1_4' title='bbox 779 277 815 339; x_wconf 93' lang='lat' dir='ltr'>II,</span> <span class='ocrx_word' id='word_1_5' title='bbox 832 279 938 330; x_wconf 78' lang='lat'><strong>1-328.</strong></span> 
     </span>
    </p>
   </div>
   <div class='ocr_carea' id='block_1_2' title="bbox 233 450 1229 3101">
    <p class='ocr_par' dir='ltr' id='par_1_2' title="bbox 313 450 1124 702">
     <span class='ocr_line' id='line_1_2' title="bbox 313 450 1054 529; baseline 0.003 -19"><span class='ocrx_word' id='word_1_6' title='bbox 313 450 389 511; x_wconf 88' lang='lat' dir='ltr'>Tum</span> <span class='ocrx_word' id='word_1_7' title='bbox 410 458 497 529; x_wconf 88' lang='lat' dir='ltr'>pater</span> <span class='ocrx_word' id='word_1_8' title='bbox 518 471 572 512; x_wconf 90' lang='lat' dir='ltr'>ora</span> <span class='ocrx_word' id='word_1_9' title='bbox 593 453 640 512; x_wconf 89' lang='lat' dir='ltr'>sui</span> <span class='ocrx_word' id='word_1_10' title='bbox 662 471 749 513; x_wconf 84' lang='lat' dir='ltr'>sacro</span> <span class='ocrx_word' id='word_1_11' title='bbox 771 452 970 513; x_wconf 78' lang='lat' dir='ltr'>medicamine</span> <span class='ocrx_word' id='word_1_12' title='bbox 992 453 1054 512; x_wconf 87' lang='lat' dir='ltr'>nati</span> 
     </span>
     <span class='ocr_line' id='line_1_3' title="bbox 315 536 1073 616; baseline 0.003 -21"><span class='ocrx_word' id='word_1_13' title='bbox 315 536 443 614; x_wconf 88' lang='lat' dir='ltr'>Contigit</span> <span class='ocrx_word' id='word_1_14' title='bbox 466 544 497 597; x_wconf 90' lang='lat' dir='ltr'>et</span> <span class='ocrx_word' id='word_1_15' title='bbox 517 538 641 616; x_wconf 85' lang='lat' dir='ltr'>rapidae</span> <span class='ocrx_word' id='word_1_16' title='bbox 664 539 736 598; x_wconf 85' lang='lat' dir='ltr'>feeit</span> <span class='ocrx_word' id='word_1_17' title='bbox 757 539 903 614; x_wconf 87' lang='lat' dir='ltr'>patientia</span> <span class='ocrx_word' id='word_1_18' title='bbox 924 538 1073 612; x_wconf 88' lang='lat' dir='ltr'>flammae,</span> 
     </span>
     <span class='ocr_line' id='line_1_4' title="bbox 313 622 1124 702; baseline 0.002 -20"><span class='ocrx_word' id='word_1_19' title='bbox 313 622 507 700; x_wconf 91' lang='lat' dir='ltr'>Inposuitque</span> <span class='ocrx_word' id='word_1_20' title='bbox 531 642 637 683; x_wconf 81' lang='lat' dir='ltr'>comae</span> <span class='ocrx_word' id='word_1_21' title='bbox 659 623 769 699; x_wconf 90' lang='lat' dir='ltr'>radios,</span> <span class='ocrx_word' id='word_1_22' title='bbox 792 642 1000 702; x_wconf 84' lang='lat' dir='ltr'>praesagaque</span> <span class='ocrx_word' id='word_1_23' title='bbox 1022 624 1124 684; x_wconf 87' lang='lat' dir='ltr'>luetus</span> 
     </span>
    </p>

    <p class='ocr_par' dir='ltr' id='par_1_3' title="bbox 233 707 1014 788">
     <span class='ocr_line' id='line_1_5' title="bbox 233 707 1014 788; baseline 0.003 -23"><span class='ocrx_word' id='word_1_24' title='bbox 233 709 291 766; x_wconf 81' lang='lat'>125</span> <span class='ocrx_word' id='word_1_25' title='bbox 314 707 440 769; x_wconf 83' lang='lat' dir='ltr'>Pectore</span> <span class='ocrx_word' id='word_1_26' title='bbox 462 708 591 769; x_wconf 78' lang='lat' dir='ltr'>sollicito</span> <span class='ocrx_word' id='word_1_27' title='bbox 614 716 754 787; x_wconf 85' lang='lat' dir='ltr'>repetens</span> <span class='ocrx_word' id='word_1_28' title='bbox 775 710 905 788; x_wconf 85' lang='lat' dir='ltr'>suspiria</span> <span class='ocrx_word' id='word_1_29' title='bbox 926 710 1014 769; x_wconf 86' lang='lat' dir='ltr'>dixit:</span> 
     </span>
    </p>

    <p class='ocr_par' dir='ltr' id='par_1_4' title="bbox 314 791 1225 1130">
     <span class='ocr_line' id='line_1_6' title="bbox 358 791 1152 873; baseline -0.001 -20"><span class='ocrx_word' id='word_1_30' title='bbox 358 791 410 868; x_wconf 88' lang='lat' dir='ltr'>„Si</span> <span class='ocrx_word' id='word_1_31' title='bbox 431 800 518 873; x_wconf 88' lang='lat' dir='ltr'>potes</span> <span class='ocrx_word' id='word_1_32' title='bbox 540 795 587 854; x_wconf 89' lang='lat' dir='ltr'>his</span> <span class='ocrx_word' id='word_1_33' title='bbox 609 794 716 854; x_wconf 89' lang='lat' dir='ltr'>saltem</span> <span class='ocrx_word' id='word_1_34' title='bbox 738 796 857 854; x_wconf 89' lang='lat' dir='ltr'>monitis</span> <span class='ocrx_word' id='word_1_35' title='bbox 880 814 987 873; x_wconf 89' lang='lat' dir='ltr'>parere</span> <span class='ocrx_word' id='word_1_36' title='bbox 1010 794 1152 872; x_wconf 86' lang='lat' dir='ltr'>paternis,</span> 
     </span>
     <span class='ocr_line' id='line_1_7' title="bbox 314 879 1073 957; baseline 0.001 -19"><span class='ocrx_word' id='word_1_37' title='bbox 314 879 417 955; x_wconf 88' lang='lat' dir='ltr'>Paros,</span> <span class='ocrx_word' id='word_1_38' title='bbox 441 899 524 957; x_wconf 88' lang='lat' dir='ltr'>puer,</span> <span class='ocrx_word' id='word_1_39' title='bbox 548 881 683 957; x_wconf 89' lang='lat' dir='ltr'>stimulis,</span> <span class='ocrx_word' id='word_1_40' title='bbox 709 887 739 941; x_wconf 89' lang='lat' dir='ltr'>et</span> <span class='ocrx_word' id='word_1_41' title='bbox 759 881 865 940; x_wconf 86' lang='lat' dir='ltr'>fortius</span> <span class='ocrx_word' id='word_1_42' title='bbox 887 886 971 940; x_wconf 87' lang='lat' dir='ltr'>utere</span> <span class='ocrx_word' id='word_1_43' title='bbox 993 880 1073 939; x_wconf 90' lang='lat' dir='ltr'>loris.</span> 
     </span>
     <span class='ocr_line' id='line_1_8' title="bbox 315 963 1225 1044; baseline 0.001 -20"><span class='ocrx_word' id='word_1_44' title='bbox 315 963 427 1042; x_wconf 84' lang='lat' dir='ltr'>Sponte</span> <span class='ocrx_word' id='word_1_45' title='bbox 450 984 506 1025; x_wconf 87' lang='lat' dir='ltr'>sua</span> <span class='ocrx_word' id='word_1_46' title='bbox 527 973 698 1044; x_wconf 87' lang='lat' dir='ltr'>properant.</span> <span class='ocrx_word' id='word_1_47' title='bbox 735 965 836 1026; x_wconf 87' lang='lat' dir='ltr'>Labor</span> <span class='ocrx_word' id='word_1_48' title='bbox 858 972 903 1026; x_wconf 88' lang='lat' dir='ltr'>est</span> <span class='ocrx_word' id='word_1_49' title='bbox 924 966 1059 1026; x_wconf 86' lang='lat' dir='ltr'>inhibere</span> <span class='ocrx_word' id='word_1_50' title='bbox 1073 964 1225 1025; x_wconf 85' lang='lat' dir='ltr'>volentes.</span> 
     </span>
     <span class='ocr_line' id='line_1_9' title="bbox 314 1051 1177 1130; baseline -0.001 -20"><span class='ocrx_word' id='word_1_51' title='bbox 314 1052 378 1110; x_wconf 91' lang='lat' dir='ltr'>Neo</span> <span class='ocrx_word' id='word_1_52' title='bbox 400 1051 455 1112; x_wconf 87' lang='lat' dir='ltr'>tibi</span> <span class='ocrx_word' id='word_1_53' title='bbox 477 1052 608 1112; x_wconf 78' lang='lat' dir='ltr'>directos</span> <span class='ocrx_word' id='word_1_54' title='bbox 631 1052 754 1130; x_wconf 79' lang='lat' dir='ltr'>placeat</span> <span class='ocrx_word' id='word_1_55' title='bbox 774 1054 825 1112; x_wconf 89' lang='lat' dir='ltr'>via</span> <span class='ocrx_word' id='word_1_56' title='bbox 847 1052 978 1129; x_wconf 91' lang='lat' dir='ltr'>quinque</span> <span class='ocrx_word' id='word_1_57' title='bbox 1000 1070 1054 1130; x_wconf 89' lang='lat' dir='ltr'>per</span> <span class='ocrx_word' id='word_1_58' title='bbox 1077 1069 1177 1111; x_wconf 88' lang='lat' dir='ltr'>arous.</span> 
     </span>
    </p>

    <p class='ocr_par' dir='ltr' id='par_1_5' title="bbox 234 1135 1190 1558">
     <span class='ocr_line' id='line_1_10' title="bbox 234 1135 1120 1215; baseline 0.002 -21"><span class='ocrx_word' id='word_1_59' title='bbox 234 1137 292 1194; x_wconf 87' lang='lat'>130</span> <span class='ocrx_word' id='word_1_60' title='bbox 316 1135 425 1196; x_wconf 87' lang='lat' dir='ltr'>Seetus</span> <span class='ocrx_word' id='word_1_61' title='bbox 446 1138 477 1196; x_wconf 93' lang='lat' dir='ltr'>in</span> <span class='ocrx_word' id='word_1_62' title='bbox 499 1138 654 1215; x_wconf 91' lang='lat' dir='ltr'>obliquum</span> <span class='ocrx_word' id='word_1_63' title='bbox 677 1144 723 1198; x_wconf 86' lang='lat' dir='ltr'>est</span> <span class='ocrx_word' id='word_1_64' title='bbox 744 1137 806 1197; x_wconf 90' lang='lat' dir='ltr'>lato</span> <span class='ocrx_word' id='word_1_65' title='bbox 830 1139 1002 1198; x_wconf 85' lang='lat' dir='ltr'>curvamine</span> <span class='ocrx_word' id='word_1_66' title='bbox 1025 1136 1120 1211; x_wconf 88' lang='lat' dir='ltr'>limes,</span> 
     </span>
     <span class='ocr_line' id='line_1_11' title="bbox 314 1222 1085 1301; baseline 0.003 -21"><span class='ocrx_word' id='word_1_67' title='bbox 314 1222 524 1300; x_wconf 87' lang='lat' dir='ltr'>Zonarumque</span> <span class='ocrx_word' id='word_1_68' title='bbox 546 1225 636 1283; x_wconf 88' lang='lat' dir='ltr'>trium</span> <span class='ocrx_word' id='word_1_69' title='bbox 660 1230 819 1283; x_wconf 84' lang='lat' dir='ltr'>contentus</span> <span class='ocrx_word' id='word_1_70' title='bbox 841 1223 901 1282; x_wconf 89' lang='lat' dir='ltr'>fine</span> <span class='ocrx_word' id='word_1_71' title='bbox 923 1223 1085 1301; x_wconf 90' lang='lat' dir='ltr'>polumque</span> 
     </span>
     <span class='ocr_line' id='line_1_12' title="bbox 314 1306 1190 1386; baseline 0 -20"><span class='ocrx_word' id='word_1_72' title='bbox 314 1306 423 1385; x_wconf 79' lang='lat' dir='ltr'>Effugit</span> <span class='ocrx_word' id='word_1_73' title='bbox 446 1309 608 1368; x_wconf 87' lang='lat' dir='ltr'>australem</span> <span class='ocrx_word' id='word_1_74' title='bbox 629 1311 824 1386; x_wconf 83' lang='lat' dir='ltr'>iunctamque</span> <span class='ocrx_word' id='word_1_75' title='bbox 848 1309 1039 1385; x_wconf 85' lang='lat' dir='ltr'>aquilonibus</span> <span class='ocrx_word' id='word_1_76' title='bbox 1060 1307 1190 1368; x_wconf 79' lang='lat' dir='ltr'>Arcton:</span> 
     </span>
     <span class='ocr_line' id='line_1_13' title="bbox 314 1391 1119 1471; baseline 0.002 -20"><span class='ocrx_word' id='word_1_77' title='bbox 314 1391 379 1452; x_wconf 88' lang='lat' dir='ltr'>Hae</span> <span class='ocrx_word' id='word_1_78' title='bbox 401 1394 440 1452; x_wconf 89' lang='lat' dir='ltr'>sit</span> <span class='ocrx_word' id='word_1_79' title='bbox 460 1396 525 1454; x_wconf 89' lang='lat' dir='ltr'>iter.</span> <span class='ocrx_word' id='word_1_80' title='bbox 569 1394 726 1454; x_wconf 84' lang='lat' dir='ltr'>Manifesta</span> <span class='ocrx_word' id='word_1_81' title='bbox 748 1401 832 1454; x_wconf 87' lang='lat' dir='ltr'>rotae</span> <span class='ocrx_word' id='word_1_82' title='bbox 854 1395 981 1471; x_wconf 89' lang='lat' dir='ltr'>vestigia</span> <span class='ocrx_word' id='word_1_83' title='bbox 1004 1413 1119 1454; x_wconf 83' lang='lat' dir='ltr'>earnes.</span> 
     </span>
     <span class='ocr_line' id='line_1_14' title="bbox 315 1477 1171 1558; baseline 0.002 -21"><span class='ocrx_word' id='word_1_84' title='bbox 315 1477 414 1555; x_wconf 88' lang='lat' dir='ltr'>thue</span> <span class='ocrx_word' id='word_1_85' title='bbox 437 1480 535 1540; x_wconf 89' lang='lat' dir='ltr'>ferant</span> <span class='ocrx_word' id='word_1_86' title='bbox 558 1498 672 1558; x_wconf 89' lang='lat' dir='ltr'>aequos</span> <span class='ocrx_word' id='word_1_87' title='bbox 695 1487 725 1540; x_wconf 91' lang='lat' dir='ltr'>et</span> <span class='ocrx_word' id='word_1_88' title='bbox 748 1480 866 1540; x_wconf 86' lang='lat' dir='ltr'>eaelum</span> <span class='ocrx_word' id='word_1_89' title='bbox 889 1486 919 1539; x_wconf 91' lang='lat' dir='ltr'>et</span> <span class='ocrx_word' id='word_1_90' title='bbox 940 1485 1020 1540; x_wconf 88' lang='lat' dir='ltr'>terra</span> <span class='ocrx_word' id='word_1_91' title='bbox 1043 1479 1171 1555; x_wconf 76' lang='lat' dir='ltr'>caloreS,</span> 
     </span>
    </p>

    <p class='ocr_par' dir='ltr' id='par_1_6' title="bbox 234 1564 1229 1729">
     <span class='ocr_line' id='line_1_15' title="bbox 234 1564 1229 1644; baseline 0.004 -23"><span class='ocrx_word' id='word_1_92' title='bbox 234 1566 292 1622; x_wconf 88' lang='grc'>135</span> <span class='ocrx_word' id='word_1_93' title='bbox 315 1564 380 1624; x_wconf 85' lang='lat' dir='ltr'>Neo</span> <span class='ocrx_word' id='word_1_94' title='bbox 394 1584 507 1643; x_wconf 87' lang='lat' dir='ltr'>preme,</span> <span class='ocrx_word' id='word_1_95' title='bbox 528 1584 585 1625; x_wconf 88' lang='lat' dir='ltr'>nee</span> <span class='ocrx_word' id='word_1_96' title='bbox 601 1585 750 1625; x_wconf 88' lang='lat' dir='ltr'>summum</span> <span class='ocrx_word' id='word_1_97' title='bbox 765 1565 869 1625; x_wconf 90' lang='lat' dir='ltr'>molire</span> <span class='ocrx_word' id='word_1_98' title='bbox 885 1584 939 1644; x_wconf 89' lang='lat' dir='ltr'>per</span> <span class='ocrx_word' id='word_1_99' title='bbox 953 1567 1078 1625; x_wconf 89' lang='lat' dir='ltr'>aethera</span> <span class='ocrx_word' id='word_1_100' title='bbox 1093 1583 1229 1625; x_wconf 85' lang='lat' dir='ltr'>currum.</span> 
     </span>
     <span class='ocr_line' id='line_1_16' title="bbox 313 1649 1020 1729; baseline 0.001 -20"><span class='ocrx_word' id='word_1_101' title='bbox 313 1649 410 1710; x_wconf 87' lang='lat' dir='ltr'>Altius</span> <span class='ocrx_word' id='word_1_102' title='bbox 434 1671 572 1729; x_wconf 87' lang='lat' dir='ltr'>egressus</span> <span class='ocrx_word' id='word_1_103' title='bbox 595 1652 740 1712; x_wconf 78' lang='lat' dir='ltr'>caelestia</span> <span class='ocrx_word' id='word_1_104' title='bbox 761 1656 843 1711; x_wconf 88' lang='lat' dir='ltr'>teeta</span> <span class='ocrx_word' id='word_1_105' title='bbox 864 1651 1020 1727; x_wconf 83' lang='lat' dir='ltr'>cremabis,</span> 
     </span>
    </p>

    <p class='ocr_par' dir='ltr' id='par_1_7' title="bbox 314 1735 1130 1985">
     <span class='ocr_line' id='line_1_17' title="bbox 314 1735 970 1798; baseline 0.002 -4"><span class='ocrx_word' id='word_1_106' title='bbox 314 1735 439 1797; x_wconf 89' lang='lat' dir='ltr'>Inferius</span> <span class='ocrx_word' id='word_1_107' title='bbox 461 1744 569 1798; x_wconf 84' lang='lat' dir='ltr'>terras:</span> <span class='ocrx_word' id='word_1_108' title='bbox 594 1738 694 1797; x_wconf 90' lang='lat' dir='ltr'>medio</span> <span class='ocrx_word' id='word_1_109' title='bbox 715 1738 882 1798; x_wconf 85' lang='lat' dir='ltr'>tutissimus</span> <span class='ocrx_word' id='word_1_110' title='bbox 904 1737 970 1796; x_wconf 84' lang='lat' dir='ltr'>ibis.</span> 
     </span>
     <span class='ocr_line' id='line_1_18' title="bbox 314 1821 1123 1900; baseline 0 -19"><span class='ocrx_word' id='word_1_111' title='bbox 314 1821 382 1881; x_wconf 88' lang='lat' dir='ltr'>Neu</span> <span class='ocrx_word' id='word_1_112' title='bbox 403 1829 433 1882; x_wconf 90' lang='lat' dir='ltr'>te</span> <span class='ocrx_word' id='word_1_113' title='bbox 456 1822 607 1882; x_wconf 85' lang='lat' dir='ltr'>dexterior</span> <span class='ocrx_word' id='word_1_114' title='bbox 628 1828 741 1882; x_wconf 88' lang='lat' dir='ltr'>tortum</span> <span class='ocrx_word' id='word_1_115' title='bbox 763 1823 896 1883; x_wconf 84' lang='lat' dir='ltr'>declinet</span> <span class='ocrx_word' id='word_1_116' title='bbox 918 1823 957 1883; x_wconf 91' lang='lat' dir='ltr'>ad</span> <span class='ocrx_word' id='word_1_117' title='bbox 978 1821 1123 1900; x_wconf 82' lang='lat' dir='ltr'>Anguem,</span> 
     </span>
     <span class='ocr_line' id='line_1_19' title="bbox 314 1906 1130 1985; baseline -0.001 -20"><span class='ocrx_word' id='word_1_118' title='bbox 314 1906 397 1966; x_wconf 88' lang='lat' dir='ltr'>Neve</span> <span class='ocrx_word' id='word_1_119' title='bbox 420 1908 582 1967; x_wconf 83' lang='lat' dir='ltr'>sinisterior</span> <span class='ocrx_word' id='word_1_120' title='bbox 604 1927 739 1985; x_wconf 87' lang='lat' dir='ltr'>pressam</span> <span class='ocrx_word' id='word_1_121' title='bbox 760 1915 827 1968; x_wconf 91' lang='lat' dir='ltr'>rota</span> <span class='ocrx_word' id='word_1_122' title='bbox 849 1909 942 1968; x_wconf 90' lang='lat' dir='ltr'>dueat</span> <span class='ocrx_word' id='word_1_123' title='bbox 965 1909 1003 1968; x_wconf 91' lang='lat' dir='ltr'>ad</span> <span class='ocrx_word' id='word_1_124' title='bbox 1025 1907 1130 1967; x_wconf 87' lang='lat' dir='ltr'>Aram:</span> 
     </span>
    </p>

    <p class='ocr_par' dir='ltr' id='par_1_8' title="bbox 236 1991 1228 2415">
     <span class='ocr_line' id='line_1_20' title="bbox 236 1991 1138 2071; baseline 0.003 -22"><span class='ocrx_word' id='word_1_125' title='bbox 236 1995 291 2049; x_wconf 87' lang='grc'>140</span> <span class='ocrx_word' id='word_1_126' title='bbox 314 1991 394 2051; x_wconf 91' lang='lat' dir='ltr'>Inter</span> <span class='ocrx_word' id='word_1_127' title='bbox 414 1999 575 2071; x_wconf 87' lang='lat' dir='ltr'>utrumque</span> <span class='ocrx_word' id='word_1_128' title='bbox 597 1999 676 2054; x_wconf 88' lang='lat' dir='ltr'>tene.</span> <span class='ocrx_word' id='word_1_129' title='bbox 721 1994 872 2053; x_wconf 84' lang='lat' dir='ltr'>Fortunae</span> <span class='ocrx_word' id='word_1_130' title='bbox 896 2000 998 2053; x_wconf 81' lang='lat' dir='ltr'>cetera</span> <span class='ocrx_word' id='word_1_131' title='bbox 1019 1993 1138 2069; x_wconf 91' lang='lat' dir='ltr'>mando,</span> 
     </span>
     <span class='ocr_line' id='line_1_21' title="bbox 315 2077 1228 2157; baseline 0.003 -20"><span class='ocrx_word' id='word_1_132' title='bbox 315 2077 400 2149; x_wconf 89' lang='lat' dir='ltr'>Quae</span> <span class='ocrx_word' id='word_1_133' title='bbox 422 2080 504 2138; x_wconf 86' lang='lat' dir='ltr'>iuvet</span> <span class='ocrx_word' id='word_1_134' title='bbox 527 2084 557 2139; x_wconf 93' lang='lat' dir='ltr'>et</span> <span class='ocrx_word' id='word_1_135' title='bbox 578 2078 694 2155; x_wconf 89' lang='lat' dir='ltr'>melius,</span> <span class='ocrx_word' id='word_1_136' title='bbox 719 2098 810 2157; x_wconf 87' lang='lat' dir='ltr'>quam</span> <span class='ocrx_word' id='word_1_137' title='bbox 832 2086 866 2138; x_wconf 92' lang='lat' dir='ltr'>tu</span> <span class='ocrx_word' id='word_1_138' title='bbox 887 2079 950 2154; x_wconf 88' lang='lat' dir='ltr'>tibi,</span> <span class='ocrx_word' id='word_1_139' title='bbox 981 2079 1120 2139; x_wconf 82' lang='lat' dir='ltr'>consulat</span> <span class='ocrx_word' id='word_1_140' title='bbox 1142 2086 1228 2157; x_wconf 88' lang='lat' dir='ltr'>opto.</span> 
     </span>
     <span class='ocr_line' id='line_1_22' title="bbox 314 2162 1114 2243; baseline 0.004 -22"><span class='ocrx_word' id='word_1_141' title='bbox 314 2162 393 2222; x_wconf 90' lang='lat' dir='ltr'>Dum</span> <span class='ocrx_word' id='word_1_142' title='bbox 413 2163 529 2242; x_wconf 90' lang='lat' dir='ltr'>loquor,</span> <span class='ocrx_word' id='word_1_143' title='bbox 553 2164 700 2243; x_wconf 89' lang='lat' dir='ltr'>Hesperio</span> <span class='ocrx_word' id='word_1_144' title='bbox 722 2167 836 2243; x_wconf 88' lang='lat' dir='ltr'>positas</span> <span class='ocrx_word' id='word_1_145' title='bbox 858 2166 888 2223; x_wconf 90' lang='lat' dir='ltr'>in</span> <span class='ocrx_word' id='word_1_146' title='bbox 909 2165 996 2224; x_wconf 91' lang='lat' dir='ltr'>litore</span> <span class='ocrx_word' id='word_1_147' title='bbox 1018 2171 1114 2224; x_wconf 88' lang='lat' dir='ltr'>metas</span> 
     </span>
     <span class='ocr_line' id='line_1_23' title="bbox 315 2248 1127 2327; baseline 0 -19"><span class='ocrx_word' id='word_1_148' title='bbox 315 2248 423 2309; x_wconf 89' lang='lat' dir='ltr'>Umida</span> <span class='ocrx_word' id='word_1_149' title='bbox 443 2268 505 2310; x_wconf 84' lang='lat' dir='ltr'>nox</span> <span class='ocrx_word' id='word_1_150' title='bbox 525 2250 635 2327; x_wconf 90' lang='lat' dir='ltr'>tetigit;</span> <span class='ocrx_word' id='word_1_151' title='bbox 659 2268 719 2311; x_wconf 93' lang='lat' dir='ltr'>non</span> <span class='ocrx_word' id='word_1_152' title='bbox 742 2257 788 2311; x_wconf 88' lang='lat' dir='ltr'>est</span> <span class='ocrx_word' id='word_1_153' title='bbox 810 2268 893 2310; x_wconf 87' lang='lat' dir='ltr'>mora</span> <span class='ocrx_word' id='word_1_154' title='bbox 914 2249 1011 2311; x_wconf 89' lang='lat' dir='ltr'>libera</span> <span class='ocrx_word' id='word_1_155' title='bbox 1031 2250 1127 2310; x_wconf 86' lang='lat' dir='ltr'>nobis.</span> 
     </span>
     <span class='ocr_line' id='line_1_24' title="bbox 314 2334 1075 2415; baseline 0.001 -21"><span class='ocrx_word' id='word_1_156' title='bbox 314 2334 478 2395; x_wconf 90' lang='lat' dir='ltr'>Posoimur.</span> <span class='ocrx_word' id='word_1_157' title='bbox 521 2334 651 2413; x_wconf 87' lang='lat' dir='ltr'>Effulget</span> <span class='ocrx_word' id='word_1_158' title='bbox 672 2336 804 2397; x_wconf 88' lang='lat' dir='ltr'>tenebris</span> <span class='ocrx_word' id='word_1_159' title='bbox 827 2355 936 2396; x_wconf 88' lang='lat' dir='ltr'>aurora</span> <span class='ocrx_word' id='word_1_160' title='bbox 956 2337 1075 2415; x_wconf 91' lang='lat' dir='ltr'>fugatis.</span> 
     </span>
    </p>

    <p class='ocr_par' dir='ltr' id='par_1_9' title="bbox 236 2419 1116 2583">
     <span class='ocr_line' id='line_1_25' title="bbox 236 2419 1087 2500; baseline 0.004 -22"><span class='ocrx_word' id='word_1_161' title='bbox 236 2422 292 2478; x_wconf 88' lang='grc'>145</span> <span class='ocrx_word' id='word_1_162' title='bbox 317 2419 440 2500; x_wconf 87' lang='lat' dir='ltr'>Corripe</span> <span class='ocrx_word' id='word_1_163' title='bbox 463 2422 528 2482; x_wconf 90' lang='lat' dir='ltr'>lora</span> <span class='ocrx_word' id='word_1_164' title='bbox 550 2422 654 2482; x_wconf 81' lang='lat' dir='ltr'>manui</span> <span class='ocrx_word' id='word_1_165' title='bbox 677 2421 741 2500; x_wconf 90' lang='lat' dir='ltr'>Vel,</span> <span class='ocrx_word' id='word_1_166' title='bbox 765 2423 790 2481; x_wconf 88' lang='lat' dir='ltr'>si</span> <span class='ocrx_word' id='word_1_167' title='bbox 812 2421 957 2482; x_wconf 88' lang='lat' dir='ltr'>mutabile</span> <span class='ocrx_word' id='word_1_168' title='bbox 978 2428 1087 2499; x_wconf 88' lang='lat' dir='ltr'>peetus</span> 
     </span>
     <span class='ocr_line' id='line_1_26' title="bbox 314 2506 1116 2583; baseline 0.001 -17"><span class='ocrx_word' id='word_1_169' title='bbox 314 2506 367 2567; x_wconf 87' lang='lat' dir='ltr'>Est</span> <span class='ocrx_word' id='word_1_170' title='bbox 388 2508 451 2581; x_wconf 91' lang='lat' dir='ltr'>tibi,</span> <span class='ocrx_word' id='word_1_171' title='bbox 476 2507 616 2583; x_wconf 80' lang='lat' dir='ltr'>consiliis,</span> <span class='ocrx_word' id='word_1_172' title='bbox 639 2527 699 2567; x_wconf 91' lang='lat' dir='ltr'>non</span> <span class='ocrx_word' id='word_1_173' title='bbox 722 2508 868 2582; x_wconf 81' lang='lat' dir='ltr'>curribus,</span> <span class='ocrx_word' id='word_1_174' title='bbox 891 2514 977 2568; x_wconf 88' lang='lat' dir='ltr'>utere</span> <span class='ocrx_word' id='word_1_175' title='bbox 999 2508 1116 2583; x_wconf 87' lang='lat' dir='ltr'>nostris,</span> 
     </span>
    </p>

    <p class='ocr_par' dir='ltr' id='par_1_10' title="bbox 314 2592 1225 2841">
     <span class='ocr_line' id='line_1_27' title="bbox 314 2592 1134 2670; baseline 0 -18"><span class='ocrx_word' id='word_1_176' title='bbox 314 2592 392 2652; x_wconf 89' lang='lat' dir='ltr'>Dum</span> <span class='ocrx_word' id='word_1_177' title='bbox 413 2600 501 2670; x_wconf 87' lang='lat' dir='ltr'>potes</span> <span class='ocrx_word' id='word_1_178' title='bbox 524 2600 554 2653; x_wconf 89' lang='lat' dir='ltr'>et</span> <span class='ocrx_word' id='word_1_179' title='bbox 576 2593 678 2654; x_wconf 89' lang='lat' dir='ltr'>solidis</span> <span class='ocrx_word' id='word_1_180' title='bbox 702 2596 873 2655; x_wconf 79' lang='lat' dir='ltr'>etiamnunc</span> <span class='ocrx_word' id='word_1_181' title='bbox 896 2593 1020 2653; x_wconf 86' lang='lat' dir='ltr'>sedibus</span> <span class='ocrx_word' id='word_1_182' title='bbox 1044 2598 1134 2668; x_wconf 88' lang='lat' dir='ltr'>astas,</span> 
     </span>
     <span class='ocr_line' id='line_1_28' title="bbox 314 2677 1225 2757; baseline 0.003 -20"><span class='ocrx_word' id='word_1_183' title='bbox 314 2677 452 2756; x_wconf 88' lang='lat' dir='ltr'>Dumque</span> <span class='ocrx_word' id='word_1_184' title='bbox 475 2678 553 2738; x_wconf 90' lang='lat' dir='ltr'>male</span> <span class='ocrx_word' id='word_1_185' title='bbox 576 2685 696 2757; x_wconf 85' lang='lat' dir='ltr'>optatos</span> <span class='ocrx_word' id='word_1_186' title='bbox 717 2679 851 2739; x_wconf 92' lang='lat' dir='ltr'>nondum</span> <span class='ocrx_word' id='word_1_187' title='bbox 873 2680 983 2757; x_wconf 90' lang='lat' dir='ltr'>premis</span> <span class='ocrx_word' id='word_1_188' title='bbox 1004 2680 1117 2738; x_wconf 78' lang='lat' dir='ltr'>inscius</span> <span class='ocrx_word' id='word_1_189' title='bbox 1141 2698 1225 2740; x_wconf 80' lang='lat' dir='ltr'>axes</span> 
     </span>
     <span class='ocr_line' id='line_1_29' title="bbox 315 2763 1183 2841; baseline 0.002 -19"><span class='ocrx_word' id='word_1_190' title='bbox 315 2763 400 2836; x_wconf 83' lang='lat' dir='ltr'>Quae</span> <span class='ocrx_word' id='word_1_191' title='bbox 422 2770 505 2823; x_wconf 88' lang='lat' dir='ltr'>tutus</span> <span class='ocrx_word' id='word_1_192' title='bbox 526 2771 655 2841; x_wconf 77' lang='lat' dir='ltr'>speeies,</span> <span class='ocrx_word' id='word_1_193' title='bbox 679 2766 743 2825; x_wconf 89' lang='lat' dir='ltr'>sine</span> <span class='ocrx_word' id='word_1_194' title='bbox 764 2784 813 2825; x_wconf 90' lang='lat' dir='ltr'>me</span> <span class='ocrx_word' id='word_1_195' title='bbox 836 2764 909 2825; x_wconf 89' lang='lat' dir='ltr'>dare</span> <span class='ocrx_word' id='word_1_196' title='bbox 931 2764 1044 2825; x_wconf 89' lang='lat' dir='ltr'>lumina</span> <span class='ocrx_word' id='word_1_197' title='bbox 1064 2765 1183 2827; x_wconf 86' lang='lat' dir='ltr'>terris.“</span> 
     </span>
    </p>

    <p class='ocr_par' dir='ltr' id='par_1_11' title="bbox 235 2848 1228 3101">
     <span class='ocr_line' id='line_1_30' title="bbox 235 2848 1133 2928; baseline 0.001 -20"><span class='ocrx_word' id='word_1_198' title='bbox 235 2853 293 2909; x_wconf 83' lang='grc'>150</span> <span class='ocrx_word' id='word_1_199' title='bbox 359 2849 498 2926; x_wconf 82' lang='lat' dir='ltr'>Occupat</span> <span class='ocrx_word' id='word_1_200' title='bbox 519 2848 570 2909; x_wconf 89' lang='lat' dir='ltr'>ille</span> <span class='ocrx_word' id='word_1_201' title='bbox 591 2849 691 2910; x_wconf 90' lang='lat' dir='ltr'>levem</span> <span class='ocrx_word' id='word_1_202' title='bbox 711 2850 833 2911; x_wconf 87' lang='lat' dir='ltr'>iuvenili</span> <span class='ocrx_word' id='word_1_203' title='bbox 856 2869 982 2928; x_wconf 81' lang='lat' dir='ltr'>corpore</span> <span class='ocrx_word' id='word_1_204' title='bbox 1005 2869 1133 2926; x_wconf 89' lang='lat' dir='ltr'>currum,</span> 
     </span>
     <span class='ocr_line' id='line_1_31' title="bbox 315 2934 1228 3014; baseline 0.002 -18"><span class='ocrx_word' id='word_1_205' title='bbox 315 2934 442 3013; x_wconf 87' lang='lat' dir='ltr'>Statque</span> <span class='ocrx_word' id='word_1_206' title='bbox 465 2954 556 3013; x_wconf 90' lang='lat' dir='ltr'>super</span> <span class='ocrx_word' id='word_1_207' title='bbox 577 2936 777 3014; x_wconf 90' lang='lat' dir='ltr'>manibusque</span> <span class='ocrx_word' id='word_1_208' title='bbox 798 2937 886 2996; x_wconf 86' lang='lat' dir='ltr'>datas</span> <span class='ocrx_word' id='word_1_209' title='bbox 901 2937 1073 3014; x_wconf 83' lang='lat' dir='ltr'>contingere</span> <span class='ocrx_word' id='word_1_210' title='bbox 1087 2935 1228 2998; x_wconf 88' lang='lat' dir='ltr'>habenas</span> 
     </span>
     <span class='ocr_line' id='line_1_32' title="bbox 316 3021 1047 3101; baseline -0.003 -20"><span class='ocrx_word' id='word_1_211' title='bbox 316 3021 435 3082; x_wconf 87' lang='lat' dir='ltr'>Gaudet</span> <span class='ocrx_word' id='word_1_212' title='bbox 457 3027 488 3082; x_wconf 88' lang='lat' dir='ltr'>et</span> <span class='ocrx_word' id='word_1_213' title='bbox 509 3022 602 3081; x_wconf 88' lang='lat' dir='ltr'>invito</span> <span class='ocrx_word' id='word_1_214' title='bbox 625 3028 725 3099; x_wconf 87' lang='lat' dir='ltr'>grates</span> <span class='ocrx_word' id='word_1_215' title='bbox 749 3023 809 3099; x_wconf 89' lang='lat' dir='ltr'>agit</span> <span class='ocrx_word' id='word_1_216' title='bbox 830 3022 900 3082; x_wconf 90' lang='lat' dir='ltr'>inde</span> <span class='ocrx_word' id='word_1_217' title='bbox 923 3023 1047 3101; x_wconf 90' lang='lat' dir='ltr'>parenti.</span> 
     </span>
    </p>
   </div>
   <div class='ocr_carea' id='block_1_3' title="bbox 383 3187 1072 3393">
    <p class='ocr_par' dir='ltr' id='par_1_12' title="bbox 383 3187 1072 3393">
     <span class='ocr_line' id='line_1_33' title="bbox 530 3187 922 3244; baseline 0.003 -4"><span class='ocrx_word' id='word_1_218' title='bbox 530 3190 555 3240; x_wconf 85' lang='lat'>3.</span> <span class='ocrx_word' id='word_1_219' title='bbox 583 3188 789 3244; x_wconf 78' lang='lat' dir='ltr'>Phaiithons</span> <span class='ocrx_word' id='word_1_220' title='bbox 806 3187 922 3242; x_wconf 82' lang='lat' dir='ltr'>Fahrt.</span> 
     </span>
     <span class='ocr_line' id='line_1_34' title="bbox 647 3267 813 3321; baseline 0.012 -11"><span class='ocrx_word' id='word_1_221' title='bbox 647 3270 679 3321; x_wconf 84' lang='lat' dir='ltr'>(v.</span> <span class='ocrx_word' id='word_1_222' title='bbox 693 3267 813 3320; x_wconf 68' lang='lat' dir='ltr'>roa-wa.)</span> 
     </span>
     <span class='ocr_line' id='line_1_35' title="bbox 383 3339 1072 3393; baseline 0.003 -12"><span class='ocrx_word' id='word_1_223' title='bbox 383 3342 427 3393; x_wconf 88' lang='lat' dir='ltr'>(Im</span> <span class='ocrx_word' id='word_1_224' title='bbox 439 3340 616 3384; x_wconf 84' lang='lat' dir='ltr'>unmittelharen</span> <span class='ocrx_word' id='word_1_225' title='bbox 629 3341 754 3384; x_wconf 78' lang='lat' dir='ltr'>Anaohluar</span> <span class='ocrx_word' id='word_1_226' title='bbox 768 3353 797 3382; x_wconf 85' lang='lat' dir='ltr'>an</span> <span class='ocrx_word' id='word_1_227' title='bbox 811 3340 851 3382; x_wconf 82' lang='lat' dir='ltr'>das</span> <span class='ocrx_word' id='word_1_228' title='bbox 865 3339 1072 3392; x_wconf 79' lang='lat' dir='ltr'>Vorhergehende.)</span> 
     </span>
    </p>
   </div>
   <div class='ocr_carea' id='block_1_4' title="bbox 236 3426 1176 3698">
    <p class='ocr_par' dir='ltr' id='par_1_13' title="bbox 236 3426 1176 3698">
     <span class='ocr_line' id='line_1_36' title="bbox 236 3426 1034 3528; baseline 0.003 -22"><span class='ocrx_word' id='word_1_229' title='bbox 236 3450 292 3507; x_wconf 89' lang='grc'>153</span> <span class='ocrx_word' id='word_1_230' title='bbox 315 3426 437 3509; x_wconf 82' lang='lat' dir='ltr'>Interea</span> <span class='ocrx_word' id='word_1_231' title='bbox 459 3449 598 3509; x_wconf 89' lang='lat' dir='ltr'>volueres</span> <span class='ocrx_word' id='word_1_232' title='bbox 619 3450 730 3528; x_wconf 79' lang='lat' dir='ltr'>Pyrois,</span> <span class='ocrx_word' id='word_1_233' title='bbox 753 3448 834 3508; x_wconf 82' lang='lat' dir='ltr'>Eous</span> <span class='ocrx_word' id='word_1_234' title='bbox 856 3454 887 3507; x_wconf 91' lang='lat' dir='ltr'>et</span> <span class='ocrx_word' id='word_1_235' title='bbox 908 3445 1034 3523; x_wconf 88' lang='lat' dir='ltr'>Aethon,</span> 
     </span>
     <span class='ocr_line' id='line_1_37' title="bbox 317 3532 1167 3613; baseline 0.001 -19"><span class='ocrx_word' id='word_1_236' title='bbox 317 3532 394 3594; x_wconf 87' lang='lat' dir='ltr'>Solis</span> <span class='ocrx_word' id='word_1_237' title='bbox 417 3536 495 3612; x_wconf 89' lang='lat' dir='ltr'>equi,</span> <span class='ocrx_word' id='word_1_238' title='bbox 520 3541 705 3613; x_wconf 87' lang='lat' dir='ltr'>quartusque</span> <span class='ocrx_word' id='word_1_239' title='bbox 727 3534 867 3610; x_wconf 88' lang='lat' dir='ltr'>Phlegon,</span> <span class='ocrx_word' id='word_1_240' title='bbox 891 3533 1054 3594; x_wconf 87' lang='lat' dir='ltr'>hinnitibus</span> <span class='ocrx_word' id='word_1_241' title='bbox 1076 3552 1167 3595; x_wconf 88' lang='lat' dir='ltr'>auras</span> 
     </span>
     <span class='ocr_line' id='line_1_38' title="bbox 236 3619 1176 3698; baseline 0.002 -21"><span class='ocrx_word' id='word_1_242' title='bbox 236 3622 293 3678; x_wconf 86' lang='lat'>155</span> <span class='ocrx_word' id='word_1_243' title='bbox 316 3619 512 3680; x_wconf 86' lang='lat' dir='ltr'>Flammiferis</span> <span class='ocrx_word' id='word_1_244' title='bbox 533 3620 646 3698; x_wconf 87' lang='lat' dir='ltr'>inplent</span> <span class='ocrx_word' id='word_1_245' title='bbox 668 3619 857 3698; x_wconf 87' lang='lat' dir='ltr'>pedibusque</span> <span class='ocrx_word' id='word_1_246' title='bbox 879 3619 1023 3696; x_wconf 87' lang='lat' dir='ltr'>repagula</span> <span class='ocrx_word' id='word_1_247' title='bbox 1044 3619 1176 3697; x_wconf 88' lang='lat' dir='ltr'>pulsant.</span> 
     </span>
    </p>
   </div>
   <div class='ocr_carea' id='block_1_5' title="bbox 0 0 1338 4224">
    <p class='ocr_par' dir='ltr' id='par_1_14' title="bbox 0 0 1338 4224">
     <span class='ocr_line' id='line_1_39' title="bbox 0 0 1338 4224; baseline 0 0"><span class='ocrx_word' id='word_1_248' title='bbox 0 0 1338 4224; x_wconf 95' lang='lat' dir='ltr'> </span> 
     </span>
    </p>
   </div>
  </div>
 </body>
</html>
