2660 4224
275 245 428 301 Deucalion
444 248 500 301 und
518 246 632 318 Pyrrha.
671 233 930 312 Met.'1‚3re-41s.
1059 253 1097 314 19

98 416 148 470 hat
173 418 231 471 und
256 415 357 472 Orokel
379 418 478 472 erteilt.
525 417 576 470 llit
599 416 682 472 ihneu
705 417 755 472 hat
775 417 907 488 „luppiter
929 419 1094 481 Erbermem

98 508 130 547 er
147 493 331 549 verscheucht
348 493 394 549 die
406 493 525 550 Wolkeu
543 495 593 550 des
610 495 754 558 Himmels,
775 496 886 564 Neptun
904 496 1026 563 gebietet
1043 497 1097 552 deu

98 571 233 626 Wassern
251 573 302 625 der
319 571 410 635 Ticis,
431 572 488 625 und
505 571 664 626 allmtthlich
683 572 746 626 tritt
763 572 833 626 alles
851 571 956 626 wieder
973 572 1002 625 in
1020 573 1096 626 scine

99 647 235 703 Grenuen.
273 647 370 703 Damit
395 648 513 716 beginnt
538 649 588 703 das
615 646 746 716 folgende
771 646 873 713 Stiiolr,
905 647 1025 703 welches
1051 649 1096 703 die

97 724 388 793 Wiederherstellung
412 726 462 779 des
486 723 810 793 Mensobengesohleohts
835 723 921 778 durch
944 724 1096 780 Deucalion

97 801 155 855 und
173 800 279 871 Pyrrhe
297 818 347 856 aus
366 800 519 857 riiolrwirts
536 801 711 871 geworfenen
729 801 842 856 Steinen
861 802 975 857 erziihlt.

100 935 160 992 348
184 914 335 994 Redditus
358 935 438 995 orbis
462 940 533 994 erat.
578 934 675 1007 Quem
697 941 859 1012 postquam
880 936 955 995 vidit
977 938 1096 996 inanem

184 1019 220 1080 Et
242 1020 395 1080 desolatas
419 1038 507 1097 agere
532 1020 593 1079 alta
615 1019 735 1079 silentia
756 1026 860 1095 terras,

183 1105 350 1166 Deucalion
371 1106 502 1165 lacrimis
523 1107 565 1164 ita
587 1105 730 1183 Pyrrham
753 1104 873 1165 adfatur
895 1105 1021 1167 obortis:

185 1190 230 1262 „0
252 1210 345 1266 soror,
369 1210 387 1250 o
411 1192 551 1263 coniunx,
576 1209 592 1250 o
616 1191 727 1251 femina
748 1190 814 1250 sola
835 1198 997 1270 superatae,

183 1276 350 1352 Terrarum,
375 1294 582 1354 quascumque
604 1276 709 1336 vident
731 1294 862 1337 occasus
885 1282 915 1337 et
937 1284 1028 1354 ortus,

98 1365 158 1420 355
184 1363 245 1422 Nos
268 1364 328 1423 duo
350 1362 440 1422 turba
461 1380 577 1437 sumus3
601 1362 737 1439 possedit
759 1369 862 1422 cetera
884 1369 1002 1440 pontus.

182 1447 265 1508 Haec
288 1467 409 1526 quoque
433 1448 532 1508 adhuc
555 1449 635 1508 vitae
657 1466 718 1507 non
741 1453 786 1507 est
808 1448 923 1508 fiducia
944 1455 1065 1510 nostrae

184 1532 275 1594 Certa
296 1535 381 1593 satis:
406 1539 519 1593 terrent
541 1535 715 1593 etiamnunc
736 1533 841 1592 nubila
863 1539 1004 1592 mentem.

184 1618 264 1690 Quid
287 1619 351 1692 tibi,
375 1620 400 1677 si
422 1620 486 1678 sine
509 1635 556 1676 me
579 1618 648 1676 fatis
671 1623 777 1693 erepta
798 1617 915 1692 fuisses,

182 1703 272 1762 Nunc
296 1703 394 1775 animi,
417 1702 599 1773 miseranda,
622 1700 719 1760 foret‘l
741 1718 801 1777 quo
824 1700 890 1760 sola
911 1702 1047 1762 timorem

99 1790 159 1845 360
183 1786 276 1845 Ferre
299 1786 390 1844 modo
412 1784 537 1862 posses‘l
560 1802 619 1862 quo
644 1784 819 1846 consolante
842 1786 983 1846 doleres?

184 1870 323 1947 Namque
337 1888 402 1946 ego,
420 1870 511 1929 crede
524 1870 604 1946 mihi,
619 1871 645 1931 si
656 1876 686 1931 te
699 1889 819 1948 quoque
831 1877 941 1949 pontus
956 1873 1090 1951 haberet,

183 1955 225 2016 Te
247 1973 399 2032 sequerer,
425 1956 563 2029 coniunx,
588 1962 680 2041 111111
696 1975 816 2034 quoque
831 1964 941 2036 pontus
955 1959 1091 2020 haberet.

183 2033 210 2100 O
232 2041 347 2100 utinam
367 2042 479 2118 possim
500 2041 628 2119 populos
649 2060 790 2120 reparare
811 2045 944 2121 paternis

180 2123 303 2186 Artibus
326 2132 416 2204 atque
440 2127 555 2186 animas
576 2127 722 2187 1111111111
745 2129 902 2189 infundere
924 2129 1037 2191 1111111

96 2214 157 2271 365
180 2211 269 2270 Nunc
293 2230 388 2290 genus
410 2214 440 2271 in
462 2212 549 2272 nobis
570 2219 664 2273 111111
686 2214 813 2274 mortale
836 2215 956 2274 duobus
973 2247 995 2256 -

181 2294 231 2356 Sic
247 2299 344 2356 visum
356 2295 479 2375 Superis
492 2299 740 2375 -hominumque
753 2299 893 2376 exempla
903 2301 1091 2359 manemus.“

221 2381 355 2453 Dixerat,
380 2388 409 2442 et
432 2382 554 2443 flebant.
598 2382 717 2442 Placuit
740 2383 872 2443 caeleste
896 2387 1015 2460 precari

180 2468 299 2527 Numen
323 2474 353 2526 et
376 2466 521 2527 auxilium
543 2485 603 2544 per,
618 2485 722 2526 sacras
746 2485 892 2544 quaerere
915 2475 1020 2528 sortes.

180 2552 271 2611 Nulla
292 2570 376 2611 mora
399 2557 453 2611 est.
496 2550 618 2611 Adeunt
643 2553 756 2629 pariter
778 2550 956 2630 Cephisidas
984 2554 1091 2629 undas,

95 2641 157 2697 370
180 2637 219 2697 Ut
240 2636 375 2697 nondum
397 2636 536 2714 liquidas,
560 2637 605 2695 sio
627 2638 687 2695 ianr
708 2637 788 2698 vada
809 2645 885 2701 uota
904 2646 1054 2701 secantes.

178 2722 251 2783 Inde
274 2722 326 2782 ubi
347 2721 457 2782 libatos
479 2723 649 2781 inroravere
671 2722 803 2800 liquores

179 2808 320 2869 Vestibus
344 2815 373 2868 et
396 2809 496 2886 capiti,
520 2806 647 2867 flectunt
668 2811 795 2886 vestigia
817 2816 942 2870 sanctae

179 2892 225 2953 Ad
248 2893 377 2955 delubra
399 2894 485 2968 deae,
510 2912 637 2970 quorum
658 2894 776 2972 fastigia
798 2898 877 2973 turpi

180 2978 338 3039 Pallebant
359 2997 465 3040 musco
487 2978 669 3056 stabantque
693 2981 756 3039 11111
778 2980 897 3057 ignibus
920 3000 1001 3041 arae.

95 3065 156 3123 375
179 3064 218 3124 Ut
239 3065 343 3141 templi
365 3066 491 3142 tetigere
514 3064 634 3141 gradus,
658 3066 830 3142 procumbit
852 3071 979 3143 uterque

179 3149 294 3208 Pronus
315 3151 398 3209 humi
420 3149 581 3227 gelidoque
603 3167 718 3226 pavens
741 3150 825 3210 dedit
848 3150 954 3211 oscula
975 3170 1063 3226 saxo;

179 3233 278 3311 Atque
300 3235 356 3293 ita:
386 3232 439 3309 „Si
460 3233 632 3311 precibus“,
662 3234 810 3309 dixerunt,
840 3237 983 3309 „numina
1004 3238 1089 3299 iustis

178 3319 266 3378 Victa
286 3319 508 3394 remollescunt,
531 3320 557 3377 si
579 3318 710 3378 flectitur
730 3320 776 3378 ira
798 3320 935 3379 deorum:

179 3403 243 3480 Dic,
267 3402 379 3479 Themi,
410 3424 470 3483 qua
491 3405 609 3483 generis
637 3403 779 3463 damnum
805 3404 974 3483 reparabile
995 3409 1088 3467 nostri

95 3491 156 3548 380
180 3488 251 3549 Arte
273 3490 320 3562 sit,
345 3496 374 3549 et
395 3490 500 3550 mersis
521 3490 567 3548 111
589 3507 686 3568 opem,
710 3491 874 3565 mitissima,
897 3491 1020 3553 rebus.“

180 3574 261 3634 Mota
283 3575 342 3635 dea
364 3582 410 3635 est
432 3581 603 3652 sortemque
626 3575 724 3634 dedit:
748 3574 921 3650 „Discedite
943 3576 1065 3655 templo,

896 3691 933 3742 2*
