2660 4228
227 289 288 352 120
328 283 374 338 An
391 283 473 338 einen
490 282 651 339 bovvthrten
669 280 788 337 Freuud.
823 281 911 334 Trist.
925 281 977 344 111,
992 282 1017 345 4,
1033 281 1126 333 1046.

310 457 375 518 Neo
398 458 547 536 gemuisse
568 458 676 531 minus,
701 475 792 534 quam
814 457 840 515 si
860 463 989 515 nataeve
1012 472 1152 514 mcumve

352 544 483 603 Vidisset
505 548 637 602 structos
660 561 771 620 eorpus
792 542 907 601 habere
930 558 1033 618 rogos;

309 629 347 689 Et
368 629 501 689 voluisse
523 630 607 703 mori,
631 627 786 687 moriendo
810 645 923 706 ponere
945 645 1062 700 sensus,
1088 656 1110 669 ·

228 718 286 773 100
352 714 569 792 Respectuque
591 720 694 773 tamen
715 731 776 772 non
798 714 923 790 periisse
945 714 1014 772 mei.
1054 720 1057 727 ‘

309 800 398 858 Vivat
419 805 449 859 et
472 799 629 860 absentem
651 830 673 842 -
697 801 840 877 quoniam
862 800 906 858 sio
928 798 992 857 fata
1014 796 1149 856 tulerunt
1173 827 1196 838 -

351 885 439 945 Vivat
462 892 492 945 et
515 885 627 945 auxilio
651 884 791 944 sublevet
813 902 910 962 usque
933 901 998 942 suo.

405 1157 462 1227 40.
492 1161 544 1226 An
567 1161 663 1228 einen
684 1161 879 1228 bewthrtcn
899 1157 1042 1226 l'reund.

594 1280 671 1329 (Trist.
685 1279 724 1329 ΠΙ,
737 1277 758 1330 l,
772 1277 853 1330 1-46.)

274 1382 371 1435 Einom
389 1380 524 1446 Freunde,
545 1380 647 1435 dssseu
658 1382 749 1436 ‘frene
767 1382 827 1436 sich
844 1381 948 1450 gorade
965 1382 1012 1439 bei
1030 1382 1081 1436 des
1093 1381 1226 1437 Dichtsrs

224 1457 353 1526 Ungltiek
371 1456 497 1512 bavtthrt
514 1457 572 1522 hat,
598 1458 660 1526 gibt
681 1473 711 1512 er
729 1458 775 1512 dia
794 1459 973 1527 dringendste
990 1458 1140 1527 Mabnung,
1161 1459 1225 1513 dass

224 1551 326 1590 araus
351 1536 456 1589 diesem
485 1534 588 1589 seinsm
613 1533 777 1590 Schickssls
802 1536 929 1590 srlernon
952 1539 1047 1604 mbge‚
1075 1535 1137 1591 sich
1161 1551 1225 1589 vom

223 1611 322 1666 Hohsn
343 1613 401 1666 und
424 1610 546 1666 Grosson
567 1609 629 1666 fem
653 1627 688 1666 au
711 1611 814 1668 hulten.
852 1612 910 1666 Der
928 1613 1005 1668 Korn
1027 1614 1078 1667 der
1096 1612 1164 1667 Idee
1189 1613 1226 1666 ist
1314 1640 1315 1649 κ

224 1690 251 1741 in
269 1705 295 1742 v.
313 1690 346 1740 25
364 1689 422 1743 und
439 1690 472 1740 26
491 1690 796 1758 zusammengodrbngt.

310 1800 335 1880 0
358 1823 429 1881 mihi
452 1840 523 1882 care
546 1822 670 1900 quidem
692 1840 821 1899 semper,
845 1822 899 1882 sed
922 1828 1059 1899 tempore
1082 1822 1173 1883 duro·

356 1905 490 1983 Cognite,
514 1926 562 1967 res
585 1914 747 1986 postquam
768 1907 959 1985 procubuere
982 1925 1082 1967 meae:

309 1991 420 2052 Usibus
443 1991 554 2052 edocto
577 1995 601 2050 si
625 1995 788 2071 quicquam
812 1992 910 2053 credis
934 1994 1040 2068 amico,

352 2077 426 2136 Vive
449 2078 512 2152 tibi,
538 2084 569 2137 et
590 2077 678 2155 longe
700 2080 822 2138 nomina
843 2096 953 2155 magna
974 2079 1054 2155 fuge.

269 2165 285 2220 5
310 2162 382 2221 Vive
405 2162 469 2237 tibi,
493 2169 700 2240 quantumque
722 2170 818 2241 potes,
842 2162 1023 2242 praelustria
1045 2166 1120 2223 vita:

354 2245 485 2307 Saevum
507 2249 667 2327 praelustri
688 2249 802 2309 fulmen
826 2249 864 2308 ab
888 2267 958 2308 arce
980 2251 1072 2309 veuit.

310 2333 387 2392 Nam
409 2352 593 2411 quamquam
615 2334 671 2394 soli
693 2341 819 2413 possunt
840 2334 985 2413 prodesse
1007 2341 1160 2412 potentes,

352 2418 419 2478 Non
441 2422 535 2496 prosit
557 2421 665 2497 potius,
689 2422 714 2479 si
737 2423 804 2498 quis
827 2420 936 2480 obesse
957 2426 1067 2498 potest.

310 2503 421 2581 Effugit
441 2505 583 2566 hibernas
607 2506 738 2565 demissa
761 2512 903 2566 antemna
924 2506 1084 2583 procellas,

250 2593 287 2648 10
352 2589 488 2667 Lataque
509 2590 578 2668 plus
600 2592 700 2667 parvis
722 2590 792 2652 vela
813 2593 927 2652 timoris
948 2590 1071 2652 habent.

309 2673 437 2750 Aspicis,
460 2681 494 2734 ut
516 2695 634 2735 summa
657 2683 762 2736 cortex
775 2676 859 2758 levis
881 2678 995 2736 innatet
1017 2677 1110 2753 unda,

355 2758 431 2818 Cum
453 2779 544 2837 grave
566 2779 648 2820 nexa
669 2762 758 2821 simul
780 2763 855 2822 retia
876 2768 994 2839 mergat
1016 2781 1102 2823 onus.

311 2844 394 2905 Haec
417 2863 472 2922 ego
496 2846 520 2904 si
543 2848 671 2906 monitor
693 2842 823 2908 monitus
845 2849 929 2926 prius
950 2849 1014 2926 ipse
1037 2849 1174 2924 fuissem,

351 2929 385 2989 ln
408 2950 469 3007 qua
492 2932 642 2990 debebam
663 2934 787 2992 forsitan
809 2931 889 2992 Urbe
911 2933 1015 2992 forem.

249 3017 286 3075 15
309 3014 387 3075 Dum
409 3022 511 3075 tecum
533 3018 603 3091 vixi,
627 3017 700 3076 dum
722 3037 770 3077 me
792 3019 867 3078 levis
891 3037 965 3077 aura
986 3018 1115 3094 ferebat,

352 3101 435 3161 Haeo
458 3120 527 3161 mea
548 3121 603 3180 per
624 3102 761 3181 placidas
785 3103 896 3163 cumba
918 3106 1051 3164 cucurrit
1074 3124 1183 3184 aquas.

310 3186 367 3258 Qui
390 3187 473 3246 cadit
494 3189 524 3246 in
546 3187 646 3265 plano,
665 3220 687 3230 -
703 3191 754 3248 vix
769 3190 828 3248 hoc
843 3196 944 3249 tamen
964 3191 1065 3249 evenit
1081 3193 1183 3270 ipsum
1198 3223 1220 3237 -

352 3270 403 3331 Sic
427 3273 517 3346 cadit,
541 3279 575 3332 ut
596 3278 680 3332 taeta
702 3292 825 3352 surgere
847 3276 942 3353 possit
962 3275 1068 3350 humo;

308 3356 347 3417 At
369 3358 459 3417 miser
479 3357 609 3436 Elpenor
631 3364 713 3419 tecto
736 3359 879 3438 delapsus
903 3359 940 3419 ab
965 3359 1025 3420 alto

246 3444 285 3501 20
352 3441 490 3502 Occurrit
512 3444 575 3519 regi
597 3442 706 3503 flebilis
728 3445 835 3504 umbra
857 3464 921 3505 suo.

309 3526 474 3603 Quietus,
499 3535 532 3587 ut
553 3534 636 3588 tutas
659 3531 786 3605 agitaret
807 3530 960 3590 Daedalus
984 3530 1057 3607 alas,

351 3611 455 3671 Icarus
477 3615 628 3672 inmensas
649 3616 769 3673 nomine
791 3617 888 3692 signet
911 3616 1028 3691 aquas‘l
