2660 4224
442 150 461 183 Q

170 232 292 288 Cadmus
308 231 364 286 und
379 232 424 286 die
436 229 592 301 Grttndnng
603 230 742 286 Thebans.
768 231 832 286 llet.
846 231 895 297 III,
910 234 1018 287 1-137.
1051 235 1091 299 33

179 409 294 486 Impete
315 425 396 467 nunc
418 413 513 481 vasto,
539 425 597 466 eeu
621 408 759 466 concitus
782 407 928 466 imbribus
951 408 1054 484 amnis,

115 499 156 554 80
181 495 289 554 Fertur
312 499 342 553 et
364 493 519 553 obstantes
541 492 701 570 proturbat
723 499 846 570 pectore
869 493 971 553 silvas.

182 578 270 639 Cedit
292 578 477 656 Agenorides
500 579 624 655 paulum
647 578 805 656 spolioque
827 578 923 639 leonis

181 664 315 725 Sustinet
336 667 475 724 incursus
497 665 699 741 instantiaque
723 682 777 724 ora
798 665 933 725 retardat

182 749 314 829 Cuspide
337 756 505 827 praetenta.
549 749 634 808 Furit
656 749 715 824 ille,
741 756 772 809 et
794 751 895 810 inania
917 749 993 810 duro

181 835 312 896 Vulnera
334 835 387 895 dat
408 836 487 895 ferro
509 835 634 912 figitque
657 836 687 894 in
711 836 850 895 acumine
874 836 989 896 dentes.

116 925 156 981 85
180 922 303 1000 lamque
325 921 497 981 venenifero
520 921 643 997 sanguis
665 939 788 980 manare
811 919 914 997 palato

182 1007 332 1086 Coeperat
355 1013 385 1066 et
406 1006 518 1066 virides
542 1006 698 1084 aspergine
721 1007 852 1066 tinxerat
874 1005 999 1077 herbas3

181 1092 242 1154 Sed
264 1093 332 1153 leve
355 1092 465 1152 vulnus
488 1098 561 1165 erat,
586 1092 658 1169 quia
680 1109 713 1150 se
735 1091 909 1152 retrahebat
933 1093 970 1151 ab
993 1094 1056 1152 ictu

180 1181 338 1256 Laesaque
363 1177 443 1237 oolla
465 1177 560 1237 dabat
582 1182 670 1251 retro,
695 1175 876 1255 plagamque
899 1178 1006 1238 sedere

182 1264 326 1325 Cedendo
350 1263 475 1324 arcebat
496 1281 554 1323 neo
576 1261 694 1340 longius
716 1264 759 1322 ire
782 1264 913 1324 sinebat:

116 1352 155 1411 90
181 1350 285 1422 Donec
308 1348 493 1427 Agenorides
517 1349 689 1408 coniectum
711 1350 741 1407 in
764 1355 883 1426 gutture
905 1351 1017 1410 ferrum

180 1435 282 1513 Usque
305 1453 436 1512 sequens
457 1436 575 1513 pressit,
601 1434 673 1493 dum
695 1441 775 1494 retro
799 1454 930 1512 quercus
953 1437 1035 1494 eunti

180 1521 312 1595 Obstitit,
337 1528 367 1579 et
388 1521 451 1579 fixa
474 1527 520 1579 est
541 1520 654 1598 pariter
678 1536 748 1577 oum
769 1519 878 1579 robore
902 1521 1012 1579 cervix.

181 1605 318 1665 Pondere
341 1606 488 1682 serpentis
512 1609 639 1663 curvata
662 1609 708 1661 est
731 1603 828 1677 arbor,
854 1610 884 1662 et
905 1605 983 1663 imae

180 1690 270 1749 Parte
292 1688 439 1766 flagellari
461 1688 573 1764 gemuit
595 1705 652 1747 sua
674 1687 785 1746 robora
808 1689 935 1748 caudae.

290 1888 314 1938 3.
343 1885 407 1941 Die
424 1885 511 1942 Soet
528 1887 590 1942 der
607 1886 896 1943 Druohenadhnc.

518 1984 671 2041 (vro-1³7.)

117 2117 156 2172 95
180 2090 263 2172 Dum
285 2113 415 2190 spatium
436 2113 533 2173 victor
555 2114 626 2173 victi
650 2113 822 2174 considerat
843 2113 947 2186 hostis,
1006 2111 1089 2195 [tum

179 2199 245 2258 Vox
256 2198 355 2259 subito
369 2199 472 2258 audita
484 2204 530 2259 est
544 2231 567 2241 -
578 2217 678 2276 neque
691 2204 756 2259 erat
773 2217 956 2276 cognoscere
968 2219 1091 2278 promp-

179 2283 275 2358 Unde,
283 2284 338 2345 sed
346 2284 450 2344 audita
457 2291 515 2343 est:
528 2315 550 2324 -
558 2282 896 2360 „Quid,Agenorenate,
904 2292 1090 2362 peremptum

180 2367 358 2446 Serpentem
372 2369 515 2446 spectas‘l
531 2376 561 2428 et
575 2375 610 2428 tu
624 2368 804 2446 spectabere
820 2368 981 2445 serpensl“

179 2453 232 2513 Ille
256 2455 308 2514 diu
330 2453 459 2532 pavidus
481 2454 593 2530 pariter
617 2471 686 2513 cum
708 2458 808 2511 mente
833 2453 965 2513 colorem
986 2529 989 2536 ,

93 2546 154 2600 100
179 2539 365 2613 Perdiderat,
389 2538 549 2616 gelidoque
574 2556 679 2597 comae
702 2544 816 2597 terrore
837 2539 983 2616 rigebant.

178 2625 260 2685 Ecce
282 2625 337 2683 viri
358 2624 479 2695 fautrix,
503 2642 630 2701 superas
654 2623 780 2701 delapsa
803 2642 856 2702 per
879 2642 978 2699 auras,

179 2710 279 2771 Pallas
303 2709 391 2770 adest
412 2716 574 2787 motaeque
596 2708 681 2769 iubet
703 2728 872 2788 supponere
895 2716 993 2771 terrae

178 2796 322 2876 Vipereos
346 2795 461 2870 dentes,
486 2795 590 2874 populi
612 2796 798 2855 incrementa
820 2796 921 2857 futuri.

178 2881 279 2942 Paret:
306 2888 344 2956 et,
367 2887 402 2941 nt
423 2900 527 2958 presso
550 2880 671 2943 sulcum
692 2881 836 2958 patefecit
861 2888 969 2954 aratro,

91 2970 154 3028 105
179 2965 299 3046 Spargit
321 2967 405 3027 humi
426 2968 533 3041 iussos,
558 2965 698 3026 mortalia
718 2968 843 3041 semina,
868 2966 984 3026 dentes.

178 3053 252 3113 Inde
276 3084 297 3095 -
321 3052 383 3112 fide
404 3053 503 3112 maius
526 3083 548 3093 -
572 3051 700 3129 glaebae
724 3069 853 3129 coepere
875 3053 997 3127 moveri,

179 3138 339 3215 Primaque
363 3137 401 3197 de
423 3137 518 3197 sulcis
542 3138 623 3196 acies
646 3137 786 3214 apparuit
807 3136 923 3208 hastae,

179 3223 324 3300 Tegmina
345 3241 415 3283 mox
439 3222 573 3299 capitum
596 3222 678 3298 picto
700 3223 839 3282 nutantia
862 3240 950 3293 cono,

179 3308 251 3368 Mox
272 3309 368 3367 umeri
389 3314 559 3386 pectusque
583 3312 770 3384 onerataque
792 3307 938 3367 bracchia
960 3307 1028 3367 telis

92 3400 156 3457 110
179 3394 344 3466 Exsistunt,
369 3396 539 3470 crescitque
562 3410 650 3470 seges
674 3391 805 3468 clipeata
827 3394 967 3452 virorum.

182 3476 243 3553 Sic,
267 3477 320 3537 ubi
343 3477 489 3539 tolluntur
509 3479 594 3537 festis
617 3476 726 3536 aulaea
747 3477 882 3552 theatris,

182 3562 310 3642 Surgere
333 3564 548 3643 signaksolent,
577 3564 765 3642 primumque
795 3563 954 3625 ostendere
977 3563 1085 3636 vultus,

145 3682 235 3730 Bone,
249 3676 314 3718 ovid.
922 3680 937 3730 3
