2660 4228
249 249 310 312 138
464 242 512 299 An
530 244 584 299 den
601 243 696 312 Kontg
713 242 809 314 (lotys.
844 242 937 313 Epist.
950 243 988 309 11,
1001 244 1027 299 9.

270 422 309 480 20
373 419 412 480 Et
432 421 513 499 prior
533 419 682 497 Eumolpo
704 419 813 478 suadet
834 417 1055 480 Erichthonius.

332 504 397 566 Hoo
420 512 522 566 teeum
545 522 703 565 commune
727 505 800 564 deo:
826 505 908 580 quod
930 511 1061 582 uterque
1084 508 1186 584 rogati

256 610 257 616 ¹
375 589 570 670 Supplioibus
591 590 699 651 vestris
721 589 798 649 ferre
821 589 925 649 soletis
947 609 1045 668 opem.

332 677 485 755 Numquid
508 678 571 751 erit,
595 694 689 754 quare
712 673 800 734 solito
824 675 983 753 dignemur
1003 676 1121 737 honore

374 763 512 839 Numina,
536 764 562 822 si
584 763 689 822 demas
710 760 790 821 velle
811 761 915 820 iurare
939 761 1035 821 deosl

269 853 309 911 25
332 849 466 928 luppiter
487 849 584 909 oranti
606 849 716 908 surdas
737 847 763 905 si
785 847 932 924 praebeat
954 865 1053 922 aures,

375 935 504 995 Victima
525 953 579 1014 pro
602 931 715 1012 templo
739 950 794 992 our
817 933 909 993 eadat
930 933 992 993 iota
1013 931 1118 994 Iovis?

250 1094 252 1107 Ι
333 1019 365 1083 Si
386 1040 496 1100 paoem
517 1021 633 1080 nullam
654 1024 765 1098 pontus
786 1017 859 1077 mihi
880 1024 1016 1098 praestat
1039 1020 1132 1094 eunti,

374 1107 466 1166 Inrita
486 1105 626 1183 Neptuno
650 1124 704 1164 eur
726 1122 781 1180 ego
803 1110 873 1163 tura
893 1104 1009 1163 terami

331 1192 417 1254 Vana
438 1190 604 1251 laborantis
625 1192 651 1250 si
672 1189 758 1250 fallat
779 1195 850 1250 vota
873 1190 981 1262 coloni,

271 1281 311 1338 30
376 1276 516 1354 Aooipiat
537 1276 680 1353 gravidae
704 1293 759 1334 our
780 1275 843 1335 suis
865 1281 936 1334 exta
959 1274 1077 1335 Gerasi

333 1363 399 1423 Neo
422 1361 507 1421 dabit
528 1363 647 1422 intonso
669 1360 804 1439 iugulum
828 1377 920 1438 caper
941 1361 1041 1422 hostia
1061 1359 1200 1441 Baeoho,

376 1448 476 1508 Musta
497 1447 553 1508 sub
577 1445 711 1506 adducto
733 1447 758 1505 si
779 1446 859 1523 pede
881 1444 966 1506 nulla
981 1446 1091 1507 fluent.

335 1533 449 1595 Caesar
470 1538 504 1594 ut
525 1533 641 1612 imperii
662 1533 835 1592 moderetur
855 1530 949 1607 frena,
973 1551 1143 1611 precamur,

376 1620 450 1680 Tam
471 1618 551 1679 hene
574 1619 656 1696 quod
678 1618 794 1696 patriae
818 1616 948 1677 consulit
968 1616 1021 1677 ille
1044 1637 1128 1678 suae.

271 1709 311 1765 35
333 1706 453 1767 Utilitas
474 1705 564 1782 igitur
585 1722 711 1782 magnos
733 1703 930 1781 hominesque
953 1704 1090 1782 deosque
1327 1766 1328 1771 ,

375 1790 484 1865 Efficit,
509 1790 628 1850 auxiliis
649 1807 770 1867 quoque
793 1788 913 1849 favente
935 1790 1009 1849 suis.

251 1890 253 1896 '
333 1877 379 1938 Tu
401 1893 522 1955 qnoque
544 1874 594 1935 fao
616 1876 713 1953 prosis
734 1876 811 1934 intra
833 1880 887 1935 tua
910 1881 1010 1935 eastra
1032 1877 1153 1951 iaoenti,

377 1961 402 2021 0
426 1959 511 2038 Coty,
534 1961 693 2039 progenies
716 1960 806 2037 digna
827 1968 952 2039 parente
975 1966 1037 2020 tuo.

336 2046 524 2108 Conveniens
545 2046 658 2106 homini
681 2051 727 2105 est
748 2046 899 2106 hominem
921 2064 1042 2107 servare
1064 2047 1220 2126 voluptas,
1326 2092 1327 2095 ,

272 2136 312 2193 40
376 2132 414 2193 Et
435 2131 543 2192 melius
564 2130 649 2191 nulla
671 2133 827 2208 quaeritur
850 2137 913 2192 arte
935 2132 1030 2192 favor.

335 2219 409 2293 Quis
430 2236 490 2278 uon
504 2216 686 2295 Antiphaten
699 2217 905 2295 Laestrygona
926 2218 1079 2278 devovet?
1102 2225 1155 2279 aut
1180 2220 1250 2297 quis

376 2303 510 2364 Munilioi
531 2321 630 2363 mores
651 2303 790 2380 inprobat
810 2303 952 2364 Aleinoii
974 2335 997 2346 -
1021 2336 1044 2346 -

272 2382 311 2449 4'7
334 2391 432 2465 Adde,
455 2389 538 2467 quod
559 2389 707 2466 ingenuas
729 2389 871 2449 didicisse
894 2389 1023 2450 fideliter
1046 2396 1127 2450 artes

376 2475 496 2535 Emollit
518 2493 626 2548 mores,
648 2491 707 2533 neo
729 2475 798 2535 sinit
821 2493 888 2535 esse
911 2475 999 2535 feros.

334 2563 399 2623 Neo
421 2580 525 2638 regum
547 2561 708 2638 quisquam
729 2561 824 2637 magis
848 2566 893 2620 est
914 2562 1081 2621 instructus
1104 2560 1144 2621 ab
1167 2562 1238 2635 illis,

272 2649 312 2706 50
377 2646 498 2706 Mitibus
522 2653 574 2705 aut
595 2646 702 2705 studiis
724 2651 861 2724 tempora
881 2646 969 2724 plura
991 2646 1085 2707 dedit.

336 2731 477 2793 Carmina
498 2735 659 2805 testantur;
685 2748 773 2808 quae,
797 2733 822 2791 si
843 2737 897 2791 tua
917 2733 1041 2791 nomina
1063 2732 1181 2806 demas,

376 2817 548 2876 Threicium
569 2817 710 2877 iuvenem
732 2818 938 2895 composuisse
960 2835 1078 2894 negem.

333 2902 418 2964 Neve
441 2901 497 2962 sub
520 2903 579 2962 hoo
601 2908 702 2962 tractu
723 2908 809 2963 vates
830 2902 908 2963 foret
930 2904 1039 2964 unicus
1061 2902 1213 2982 Orpheus,

375 2988 505 3049 Bistonis
527 2989 646 3065 ingenio
669 2994 749 3048 terra
771 2987 903 3065 superba
923 2993 977 3048 tuo
1001 2995 1057 3049 est.

272 3077 309 3134 55
334 3074 433 3151 thue
458 3075 510 3134 tihi
532 3081 580 3134 est
602 3076 727 3149 animus,
752 3092 821 3134 eum
843 3093 891 3134 res
912 3075 957 3134 ita
978 3076 1121 3153 postulat,
1147 3093 1229 3135 arma

377 3159 502 3220 Sumere
526 3165 556 3220 et
578 3159 680 3220 hostili
701 3160 815 3237 tingere
839 3160 935 3220 oaede
957 3177 1088 3235 manum,

333 3245 432 3323 Atque
455 3252 490 3305 ut
511 3264 544 3305 es
567 3263 696 3306 excusso
719 3246 852 3305 iaculum
874 3251 1015 3323 torquere
1037 3245 1155 3306 laoerto

377 3330 524 3409 Collaque
546 3331 660 3391 velocis
682 3331 805 3392 flectere
829 3332 939 3391 doetus
963 3332 1048 3409 equi:

332 3418 481 3497 Tempora
502 3418 547 3477 sie
569 3417 676 3477 studiis
699 3416 771 3477 data
793 3423 863 3477 sunt
884 3415 937 3476 ubi
958 3418 1038 3477 iusta
1059 3419 1197 3495 paternis

272 3503 310 3562 60
375 3502 474 3581 Atque
496 3503 559 3564 suis
580 3503 713 3562 numeris
735 3503 811 3563 sorte
835 3503 949 3580 quievit
970 3521 1055 3581 opus,

334 3587 379 3648 Ne
402 3595 456 3650 tua
477 3595 668 3650 marcescant
689 3606 744 3666 per
766 3588 878 3648 inertes
900 3589 962 3649 otia
982 3606 1113 3664 somnos,
