2660 4228
244 306 305 367 114
517 305 633 357 Morcus.
671 302 749 356 Fast.
762 299 798 367 V,
819 302 964 353 ott-otta.

328 473 419 554 Clare
441 513 537 572 nepos
558 492 697 568 Atlantis,
722 490 808 552 adesi
833 510 925 570 quom
945 490 1102 553 montibus
1124 492 1199 553 olim

369 580 472 639 Edidit
493 578 631 638 Arcadiis
653 578 753 638 Pleias
774 596 837 637 una
858 577 933 651 lovi;

244 668 303 725 665
328 665 416 725 Pacis
439 672 470 724 et
492 682 643 724 armorum
663 665 783 742 superis
804 664 933 740 imisque
956 662 1084 723 deorum

370 748 498 825 Arbiter,
525 748 604 809 alato
627 751 679 827 qui
701 749 780 827 pede
804 750 903 826 carpis
925 749 996 823 iter3

327 836 421 895 L'aete
443 836 527 913 lyrae
549 834 647 912 pulsu,
670 836 766 894 nitida
788 852 910 912 quoque
931 833 1012 893 laete
1036 833 1201 910 palaestra,
1309 836 1310 913 l

372 921 438 993 Quo
461 921 567 980 didicit
589 920 671 979 culte
692 920 796 998 lingua
819 920 948 979 docente
969 917 1063 995 loqui.

328 1006 453 1082 Templa
473 1005 528 1065 tibi
551 1024 680 1085 posuere
703 1013 805 1084 patres
827 1005 997 1083 spectantia
1020 1002 1145 1063 Circum

244 1095 305 1151 676
370 1092 487 1166 Idibus3
513 1110 552 1151 ex
574 1090 625 1151 illo
649 1097 696 1151 est
716 1092 795 1151 haec
817 1090 872 1150 tibi
893 1091 972 1149 lesta
995 1089 1070 1149 dies,

328 1177 380 1247 Te,
404 1178 588 1254 quicumque
611 1195 683 1236 suas
705 1177 884 1253 profitentur
904 1175 1038 1235 vendere
1060 1194 1190 1253 merces,

370 1262 449 1321 Ture
473 1262 554 1336 dato,
577 1255 693 1321 tribuas
715 1268 749 1321 ut
771 1262 828 1321 sibi
849 1261 944 1333 lucra,
968 1267 1084 1338 rogant.

329 1347 381 1406 Est
404 1364 485 1424 aqua
506 1346 646 1406 Mercurii
667 1353 772 1425 portae
795 1348 896 1406 vicina
918 1344 1072 1424 Capenae:

373 1429 405 1491 Si
425 1433 509 1491 iuvat
532 1433 664 1509 expertis
687 1432 822 1506 credere,
845 1451 956 1492 numen
979 1431 1081 1491 habet.

245 1521 305 1576 675
329 1517 396 1577 Huo
418 1518 500 1577 venit
521 1517 672 1576 incinctus
693 1519 828 1576 tunicam
850 1523 1009 1592 mercator,
1036 1523 1066 1576 et
1087 1537 1167 1578 urna

371 1602 468 1662 Purus
490 1600 644 1676 suffusam,
668 1621 760 1679 quam
782 1603 866 1678 ferat,
889 1602 989 1662 haurit
1011 1621 1133 1679 aquam.

329 1687 397 1747 Uda
418 1689 452 1747 fit
473 1688 543 1748 hinc
564 1688 681 1762 laurus3
704 1689 791 1747 lauro
814 1693 994 1766 sparguntur
1017 1688 1054 1747 ab
1078 1688 1142 1748 uda

373 1773 489 1848 Omnia,
514 1793 593 1851 quoe
616 1774 753 1834 dominos
775 1780 845 1833 sunt
867 1773 1009 1833 habitura
1030 1792 1136 1834 novos.

330 1857 450 1935 Spargit
472 1860 588 1936 etipse
611 1878 683 1919 suos
704 1859 790 1918 lauro
812 1865 933 1919 rorante
957 1858 1092 1936 capillos,

246 1946 306 2003 680
372 1943 409 2002 Et
431 1945 549 2020 peragit
571 1944 661 2003 solita
682 1943 786 2004 fallere
808 1962 885 2004 voce
907 1962 1028 2022 preces:

330 2026 448 2101 „Ablue
472 2029 625 2105 praeteriti
647 2030 780 2105 periuria
801 2030 974 2108 temporis“,
998 2029 1105 2108 inquit,

374 2111 492 2187 „Ablue
514 2115 678 2191 praeterita
699 2115 817 2193 perfida
837 2115 932 2175 verba
954 2112 1016 2175 diel

331 2197 400 2259 Sive
425 2217 480 2276 ego
503 2205 534 2258 te
557 2199 617 2259 feci
638 2205 756 2274 testem,
780 2200 895 2260 falsove
918 2201 1009 2259 citavi

372 2285 440 2344 Non
464 2285 596 2344 audituri
616 2285 741 2344 numina
762 2304 872 2362 magna
892 2286 979 2359 Iovis

247 2374 306 2430 685
331 2368 401 2430 Sive
424 2370 516 2429 deum
538 2371 671 2449 prudens
694 2370 785 2430 alium
809 2370 946 2430 divamve
969 2371 1073 2431 fefelli:

372 2454 559 2516 Abstulerint
582 2455 699 2515 celeres
721 2455 849 2534 inproba
871 2456 953 2515 dicta
974 2456 1058 2533 Noti3

330 2539 367 2600 Et
388 2546 513 2618 pateant
534 2544 675 2601 veniente
698 2542 747 2601 die
769 2542 902 2619 periuria
922 2540 1019 2616 nobis,

374 2625 439 2685 Neo
463 2632 568 2685 curent
591 2624 707 2704 Superi,
731 2628 756 2686 si
779 2645 840 2704 qua
860 2626 982 2688 locutus
1006 2646 1067 2687 ero.

331 2710 378 2770 Da
398 2711 489 2770 modo
511 2711 598 2770 lucra
619 2713 700 2786 mihi,
724 2712 764 2771 da
785 2713 866 2771 facto
889 2713 1001 2789 gaudia
1022 2713 1120 2790 lucro,

247 2799 308 2856 696
374 2795 411 2856 Et
433 2796 510 2870 face,
533 2801 567 2856 ut
590 2798 716 2874 emptori
737 2798 832 2856 verba
854 2798 974 2858 dedisse
997 2800 1113 2859 iuvet.“

331 2880 416 2941 Talia
436 2881 601 2942 Mercurius
623 2889 785 2960 poscentes
806 2883 884 2943 ridet
907 2884 945 2943 ab
968 2883 1039 2960 alto,

375 2965 414 3029 Se
437 2986 551 3028 memor
573 2967 711 3047 Ortygias
733 2970 912 3048 surripuisse
934 2968 1038 3029 boves.

642 3286 847 3301 NJ
