2660 4224
300 241 355 297 ch
371 241 568 312 Myrmidones.
603 241 669 296 liat.
683 240 747 308 VII,
761 243 903 298 528-657.
1055 247 1095 308 55

405 423 455 496 14.
484 427 545 494 llio
566 426 798 512 llyrnidoneu.

396 556 456 606 (Lib.
470 555 526 608 vn,
544 553 664 599 528-557.
687 569 732 599 orn.
751 558 806 608 orn.)

153 668 267 724 Aeaeus
283 666 358 742 ftihrt
374 666 404 722 in
422 667 513 722 sainor
529 667 688 737 Emtiblung
708 669 760 724 mit
781 669 831 723 dar
848 668 1031 739 Schilderung
1047 670 1098 725 der

99 748 172 802 Post
190 745 254 801 soit.
289 743 443 799 Ahnliehas
465 745 495 799 in
512 744 565 800 Bd.
581 745 611 800 11
628 745 705 813 Virg.
723 746 755 801 G.
774 745 824 800 111.

378 890 401 945 1.
424 887 486 945 Dic
503 889 583 946 Post
600 906 666 946 von
682 889 824 960 Aegina.

518 992 549 1046 (v.
563 988 685 1044 ons-ost)

103 1103 166 1161 528
189 1079 344 1179 Principio
368 1099 489 1160 caelum
510 1101 609 1178 spissa
632 1100 759 1178 caligine
782 1106 878 1161 terras

188 1186 308 1262 Pressit,
333 1193 365 1247 et
385 1188 509 1265 ignavos
530 1186 652 1246 inclusit
672 1186 805 1246 nubibus
828 1193 939 1247 aestus.

103 1274 166 1332 530
188 1272 328 1350 Dumque
351 1278 459 1349 quater
478 1273 589 1332 iunctis
611 1270 735 1350 inplevit
757 1273 899 1333 cornibus
921 1272 1025 1332 orbern

188 1357 283 1432 Luna,
308 1364 415 1435 quater
436 1357 559 1435 plenum
581 1364 705 1418 tenuata
726 1359 857 1418 retexuit
879 1358 991 1433 orbem,

189 1443 325 1504 Letiferis
348 1443 439 1504 calidi
460 1445 610 1522 spirarunt
631 1443 755 1503 flatibus
778 1445 880 1503 austri.

191 1527 318 1590 Constat
341 1536 370 1589 et
391 1530 422 1588 in
443 1529 541 1590 fontes
563 1530 669 1588 vitium
691 1530 809 1587 venisse
831 1528 988 1605 lacusque,

190 1613 333 1691 Miliaque
355 1614 486 1673 incultos
508 1619 682 1690 serpentum
704 1612 800 1671 multa
820 1632 875 1689 per
898 1630 984 1689 agros

104 1702 168 1758 535
190 1698 315 1758 Errasse
338 1704 429 1774 atque
451 1699 514 1757 suis
535 1697 644 1756 fluvios
666 1702 832 1757 temerasse
853 1698 985 1757 venenis.

193 1781 299 1858 Strage
315 1800 425 1842 canum
436 1783 531 1859 primo
543 1781 762 1858 volucmmque
775 1783 936 1859 oviumque
948 1783 1100 1861 boumque

193 1866 288 1944 Inque
308 1866 379 1926 feris
401 1866 492 1927 subiti
515 1867 664 1946 deprensa
685 1869 821 1945 potentia
842 1868 947 1928 morbi.

196 1950 363 2012 Concidere
385 1952 486 2012 infelix
508 1952 626 2014 validos
647 1954 771 2014 miratur
794 1960 895 2014 arator

192 2038 272 2098 Inter
293 2056 369 2115 opus
391 2045 504 2113 tauros,
527 2039 689 2116 medioque
711 2038 890 2099 recumbere
912 2040 1008 2100 sulco.

106 2126 168 2182 540
192 2123 344 2202 Lanigeris
366 2124 514 2202 gregibus,
538 2123 660 2185 balatus
683 2125 824 2185 dantibus
848 2143 962 2202 aegros,

191 2206 304 2287 Sponte
326 2228 383 2269 sua
403 2210 553 2287 lanaeque
577 2210 691 2271 cadunt
713 2216 743 2270 et
766 2229 894 2289 corpora
915 2209 1030 2270 tabent.

191 2293 271 2354 Acer
293 2313 389 2372 equus
412 2296 566 2371 quondam
587 2313 776 2373 magnaeque
798 2297 828 2353 in
854 2295 978 2372 pulvere
1000 2295 1099 2357 famae

191 2379 361 2459 Degenerat
382 2380 509 2457 palmas,
532 2386 729 2456 veterumque
752 2378 865 2438 oblitus
886 2379 1034 2439 honorum

191 2463 239 2523 Ad
261 2482 428 2542 praesaepe
451 2466 551 2541 gemit,
574 2463 635 2523 leto
657 2465 819 2523 moriturus
840 2465 937 2522 inerti,

107 2553 169 2610 545
191 2549 260 2610 Non
284 2567 356 2627 aper
377 2549 468 2609 irasci
490 2549 633 2623 meminit,
655 2567 716 2607 non
738 2548 832 2608 fidere
856 2566 947 2608 cursu

193 2633 299 2710 Cerva,
323 2652 382 2694 nec
405 2635 547 2694 armentis
568 2634 720 2694 incurrere
742 2634 871 2694 fortibus
893 2635 963 2695 ursi.

192 2720 299 2782 Omnia
321 2719 448 2798 languor
470 2720 570 2795 habet,
595 2719 738 2797 silvisque
762 2721 901 2798 agrisque
922 2721 1040 2799 viisque

195 2805 330 2884 Corpora
350 2805 442 2866 foeda
462 2807 578 2876 iacent;
603 2807 747 2866 vitiantur
769 2806 912 2866 odoribus
936 2826 1037 2867 aurae.

192 2892 267 2952 Mira
288 2891 409 2968 loquor:
432 2909 493 2951 non
515 2891 568 2952 illa
591 2910 683 2952 canes
706 2892 876 2969 avidaeque
899 2892 1050 2967 volucres

109 2980 169 3036 550
192 2978 259 3037 Non
282 2977 350 3037 cani
371 2976 497 3054 tetigero
518 2977 599 3054 lupi;
624 2976 741 3054 dilapsa
763 2977 945 3054 liquescunt,

191 3061 376 3139 Adflatuque
397 3067 510 3122 nocent
532 3068 562 3120 et
585 3068 677 3139 agunt
700 3063 840 3139 contagia
861 3061 931 3121 late.

235 3146 375 3209 Pervenit
398 3147 436 3207 ad
459 3147 584 3206 miseros
607 3145 717 3206 damno
740 3148 875 3224 graviore
899 3147 1023 3208 colonos

191 3233 297 3307 Pestis,
321 3233 403 3293 etin
425 3249 553 3310 magnae
577 3230 748 3291 dominatur
768 3231 925 3291 moenibus
948 3234 1040 3294 urbis.

191 3317 316 3378 Viscera
336 3324 487 3378 torrentur
508 3317 611 3394 primo,
636 3315 837 3393 flammaeque
859 3316 980 3378 latentis

108 3407 168 3463 555
191 3403 340 3463 Indicium
361 3403 453 3463 rubor
476 3408 522 3462 est
544 3407 575 3462 et
596 3401 708 3461 ductus
731 3401 881 3463 anhelitus
903 3402 962 3479 igni

191 3488 307 3567 Aspera
328 3486 431 3565 lingua
452 3493 557 3564 tumet,
581 3487 753 3565 tepidisque
776 3488 890 3547 arentia
912 3490 1008 3550 ventis

192 3572 253 3634 Ora
273 3578 387 3654 patent,
411 3592 562 3653 auraeque
585 3591 692 3653 graves
715 3578 875 3651 captantur
895 3574 989 3635 hiatu.
