2660 4228
268 283 442 352 Eriunsruug
459 299 495 339 an
513 283 568 338 den
585 281 736 339 Abschisd.
771 285 857 339 Trist.
871 284 894 349 Ι,
909 289 934 341 3.
1039 291 1099 350 119

187 458 287 537 Saepe
309 460 418 520 eadem
440 458 585 519 mandata
607 458 687 530 dedi,
711 477 820 536 meque
842 460 907 537 ipse
930 460 1030 536 fefelli,

122 550 163 606 60
229 545 406 624 Respiciens
429 543 526 617 oculis
547 545 673 622 pignora
695 562 768 604 cara
789 545 874 605 meis.
955 542 1098 623 linquam,

174 631 335 708 Denique:
354 631 454 706 „Quid
469 628 618 708 propero?
637 628 762 708 Scythia
777 635 831 705 est,
848 649 909 707 quo
924 632 1097 709 mittimur“,

230 716 347 791 „Roma
368 715 568 794 relinquenda
591 722 650 790 est,
678 720 806 792 utraque
835 718 915 776 iusta
936 735 1022 777 mora
1044 724 1099 778 est.

187 800 269 862 Uxor
289 805 319 862 iu
343 808 499 862 aeternum
520 802 588 862 vivo
610 802 682 861 mihi
704 802 773 861 viva
793 807 931 878 negatur,

228 887 265 947 Et
288 889 396 948 domus
419 893 449 948 et
471 887 551 947 lidae
575 887 679 946 dulcia
701 886 838 946 membra
861 888 977 961 domus,

124 978 162 1034 65
186 973 330 1052 Quosque
353 991 408 1051 ego
430 973 561 1032 fraterno
585 971 678 1031 dilexi
700 990 783 1031 more
805 972 937 1048 sodales,

231 1058 256 1120 Ο
279 1059 351 1118 mihi
372 1058 491 1118 Thesea
511 1063 638 1135 pectora
658 1058 763 1116 iuncta
784 1056 857 1116 fidel

185 1145 264 1204 Dum
285 1145 366 1217 licet,
391 1144 570 1221 amplectar,
594 1161 759 1219 numquam
781 1143 908 1202 sortasse
932 1142 1036 1203 licebit

227 1229 374 1307 Amplius,
397 1230 428 1288 in
450 1229 536 1288 lucro
560 1234 607 1288 est
628 1247 707 1305 quae
730 1228 821 1287 datur
842 1229 917 1287 hora
938 1229 1042 1288 mihi.“

185 1315 250 1375 Nec
272 1334 365 1390 mora,
389 1315 534 1375 sermonis
556 1313 651 1373 verba
672 1314 840 1392 inperfecta
861 1314 1007 1391 relinquo,

124 1406 162 1461 70
230 1399 443 1479 complectens
467 1402 565 1460 animo
588 1401 726 1478 proxima
747 1418 887 1477 quaeque
909 1419 988 1461 meo.

185 1487 263 1546 Dum
284 1485 393 1564 loquor
416 1492 446 1547 et
468 1486 585 1559 tlemus,
610 1485 697 1545 caelo
718 1486 915 1544 nitidissimus
938 1484 1008 1560 alto,

229 1571 324 1632 Stella
345 1573 445 1648 gravis
465 1571 563 1644 nobis,
585 1569 706 1629 Lucifer
728 1576 812 1629 ortus
835 1575 909 1628 erat.

186 1656 309 1716 Dividor
323 1657 398 1716 haut
418 1655 512 1729 aliter,
536 1673 627 1731 quam
643 1656 669 1712 si
688 1673 757 1713 mea
772 1654 907 1713 membra
922 1653 1098 1734 relinquam,

229 1741 267 1799 Et
287 1758 358 1818 pars
381 1738 518 1816 abrumpi
542 1756 666 1816 corpore
689 1740 754 1798 visa
775 1758 830 1798 suo
855 1746 908 1798 est.

125 1832 164 1885 75
189 1824 239 1886 Sic
263 1824 359 1884 doluit
380 1824 491 1884 Mettus
513 1830 595 1898 tuno,
621 1843 690 1883 cum
712 1825 742 1884 in
766 1826 917 1885 contraria
938 1845 1042 1887 versos

230 1909 348 1970 Ultores
370 1910 476 1970 habuit
496 1909 672 1988 proditionis
694 1929 797 1987 equos.

188 1995 263 2056 Tum
284 2014 356 2056 vero
379 1997 512 2056 exoritur
534 1995 648 2056 clamor
670 1997 859 2074 gemitusque
881 2015 1027 2073 meorum,

229 2081 265 2141 Et
286 2082 396 2142 feriunt
417 2088 552 2142 maestae
573 2088 700 2160 pectora
721 2083 805 2142 nuda
827 2101 944 2143 manus.

186 2167 262 2227 Tum
283 2186 354 2227 vero
378 2169 519 2241 coniunx,
543 2169 654 2227 umeris
677 2167 816 2227 abeuntis
838 2169 1006 2242 inhaerens,

124 2255 163 2312 80
227 2252 348 2313 Miscuit
369 2254 447 2313 haec
468 2252 600 2312 lacrimis
623 2254 720 2313 tristia
743 2253 826 2311 dicta
848 2254 922 2311 suis:

186 2338 273 2413 „Non
295 2344 383 2416 potes
407 2337 507 2398 arellil
531 2337 629 2412 simul,
655 2338 694 2396 ah
715 2336 805 2395 simul
826 2335 966 2409 ibimus“,
989 2337 1098 2413 iuquit;

229 2423 292 2498 „Te
314 2441 427 2500 sequar
448 2428 479 2483 et
502 2423 634 2481 coniunx
657 2420 771 2480 exsulis
794 2420 882 2484 exsul
905 2438 964 2480 ero.

185 2509 223 2568 Et
244 2509 316 2567 mihi
337 2508 421 2567 facta
442 2508 491 2567 via
514 2513 568 2581 est,
593 2514 622 2566 et
644 2525 693 2565 me
717 2507 798 2583 capit
820 2505 925 2565 ultima
946 2504 1050 2565 tellus:

227 2593 384 2654 Accedam
405 2593 550 2671 profugae
572 2592 693 2650 sarcina
713 2608 809 2669 parva
829 2592 896 2650 rati.

124 2683 162 2738 85
186 2679 228 2740 Te
250 2678 335 2739 iubet
358 2697 376 2739 a
397 2679 496 2757 patria
519 2677 678 2738 discedere
701 2675 841 2736 Caesaris
862 2677 915 2751 ira,

228 2764 275 2825 Me
298 2765 408 2842 pietas3
432 2754 631 2842 pietas'haec
654 2762 725 2821 mihi
749 2760 863 2822 Caesar
885 2764 971 2824 erit.“

186 2850 271 2911 Talia
292 2850 470 2928 temptabat,
494 2851 574 2909 sicut
596 2854 798 2927 temptaverat
821 2854 891 2908 ante

228 2936 346 3013 Vixque
370 2936 455 2996 dedit
476 2936 573 2996 victas
596 2934 725 2994 utilitate
748 2951 865 2992 manus.

186 3021 330 3099 Egredior
353 3054 375 3064 -
399 3022 462 3081 sive
485 3019 559 3080 illud
584 3026 649 3079 erat
670 3021 733 3078 sine
755 3018 861 3078 funere
883 3018 953 3079 ferri
976 3049 998 3063 -

123 3112 163 3167 90
230 3105 394 3184 Squalidus
415 3105 545 3165 inmissis
567 3104 646 3164 hirta
667 3123 722 3183 per
743 3122 797 3163 ora
820 3105 923 3163 comis.

186 3192 242 3253 Illa
265 3192 368 3252 dolore
393 3210 497 3252 amens
518 3189 651 3249 tenebris
672 3195 811 3249 narratur
833 3189 947 3249 obortis

230 3276 419 3337 Semianimis
440 3276 541 3336 media
562 3274 761 3353 procubuisse
785 3274 889 3349 domo;

186 3362 285 3439 thue
309 3363 472 3423 resurrexit
494 3360 624 3421 foedatis
645 3360 769 3437 pulvere
793 3360 873 3436 turpi

230 3447 370 3506 Crinibus
394 3455 424 3507 et
445 3447 546 3525 gelida
568 3446 703 3504 membra
724 3445 837 3504 levavit
858 3444 959 3517 humo,

123 3539 163 3595 95
187 3533 227 3597 Se
248 3534 349 3608 modo,
374 3533 511 3593 desertos
534 3530 624 3591 modo
649 3528 853 3608 complorasse
875 3534 1010 3606 penates,

228 3618 346 3678 Nomen
369 3625 400 3678 et
423 3618 517 3696 erepti
539 3635 632 3696 saepe
655 3632 784 3675 vocasse
806 3614 877 3688 riri;
