2660 4224
392 242 528 298 Arachne.
563 244 626 298 Met.
639 245 688 308 VI,
704 246 812 300 1-145.
1054 249 1095 312 49

186 417 303 496 Aspicit
324 418 403 479 hanc
426 421 529 494 torvis,
552 420 736 498 inceptaque
759 421 810 482 fila
831 421 983 498 relinquit3

122 505 162 561 35
186 503 304 581 Vixque
326 524 448 565 manum
470 506 602 566 retinens
626 507 825 585 confessaque
847 507 980 567 vultibus
1003 509 1077 568 iram

186 589 311 650 Talibus
333 590 495 651 obscuram
516 599 657 652 resecuta
680 598 727 653 est
749 593 874 654 Pallada
897 593 1001 652 dictis:

188 675 316 749 „Mentis
338 677 425 754 inops
448 676 597 757 longaque
619 680 705 738 venis
728 680 868 740 confecta
889 684 1023 754 senecta,

186 761 224 820 Et
246 763 371 821 nimium
392 763 502 822 vixisse
526 763 578 823 diu
599 771 700 824 nocet.
744 764 856 824 Audiat
877 765 961 840 istas,

186 844 219 907 Si
241 866 301 924 qua
322 847 377 907 tibi
398 867 492 908 nurus
515 855 568 925 est,
593 851 618 908 ei
641 869 702 927 qua
724 856 770 910 est
792 850 846 910 tibi
867 849 938 924 iilia,
962 867 1063 908 voces.

120 934 161 990 40
188 929 309 992 Consilii
331 934 405 994 satis
428 935 526 994 estin
548 953 596 994 me
619 935 703 1009 mihi3
726 954 803 995 neve
826 935 976 994 monendo

186 1017 353 1079 Proiecisse
376 1025 474 1097 putes,
499 1020 607 1079 eadem
631 1026 677 1081 est
699 1021 848 1080 sententia
869 1019 965 1079 nobis.

188 1102 249 1164 Cur
270 1123 330 1164 non
352 1105 419 1183 ipsa
441 1103 545 1165 venit‘l
568 1124 622 1165 cur
643 1105 721 1165 haec
745 1108 910 1166 certamina
931 1105 1045 1165 vitat‘l“

185 1189 261 1250 Tum
283 1190 354 1250 dea:
384 1189 525 1265 „Venitl“
559 1192 600 1251 ait
630 1191 816 1269 formamque
839 1192 965 1251 removit
988 1190 1096 1250 anilem

185 1274 373 1353 Palladaque
397 1276 543 1336 exhibuit.
588 1275 776 1338 Venerantur
801 1279 925 1337 numina
946 1277 1095 1355 nymphae

119 1363 159 1418 45
184 1360 442 1439 Mygdonidesque
465 1381 568 1422 nurus.
613 1360 686 1423 Sola
715 1369 760 1424 est
785 1382 847 1423 non
877 1364 989 1434 territa,
1002 1364 1095 1439 virgo.

185 1444 248 1506 Sed
270 1453 372 1508 tamen
394 1448 522 1523 erubuit,
547 1447 727 1526 cubitusque
750 1450 843 1508 invita
864 1450 980 1508 notavit

185 1531 246 1592 Ora
267 1533 368 1606 rubor,
392 1551 557 1611 rursusque
582 1536 716 1594 evanuit:
741 1540 775 1593 ut
796 1534 875 1593 solet
897 1539 949 1592 adr

78 1652 80 1654 -
184 1617 357 1694 Purpureus
379 1618 452 1691 lieri,
477 1620 698 1694 cumprimum
721 1637 830 1678 aurora
851 1624 997 1691 movetur,

184 1701 222 1760 Et
244 1701 336 1760 breve
359 1707 428 1776 post
450 1707 569 1777 tempus
592 1702 778 1761 candescere
801 1701 872 1762 solis
895 1703 933 1761 ab
956 1709 1032 1763 ortu.

122 1790 162 1843 50
185 1785 306 1844 Perstat
326 1786 357 1843 in
378 1787 500 1863 incepto
523 1786 712 1863 stolidaeque
737 1788 876 1865 cupidine
900 1787 1018 1864 palmae

186 1869 220 1928 ln
243 1888 299 1929 sua
320 1869 383 1929 fata
404 1870 472 1929 ruit.
516 1869 621 1948 Neque
646 1873 724 1930 enim
746 1873 815 1932 love
837 1879 910 1932 nata
931 1881 1061 1950 recusat,

185 1955 252 2014 Nec
273 1961 376 2015 monet
398 1954 532 2030 ulterius,
555 1975 613 2021 nec
634 1958 695 2018 iam
719 1960 884 2019 certamina
907 1959 1014 2018 differt.

184 2039 273 2100 Haud
296 2059 391 2101 mora:
418 2043 585 2102 consistunt
609 2043 734 2104 diversis
756 2045 893 2122 partibus
917 2046 1033 2122 ambae,

183 2124 221 2185 Et
242 2126 347 2204 gracili
368 2128 503 2204 geminas
525 2128 685 2190 intendunt
707 2132 834 2190 stamine
858 2129 945 2189 telas.

149 2273 276 2327 Minerua
293 2275 407 2329 catelinot
424 2275 453 2329 ia
470 2276 513 2329 ilar
536 2278 645 2329 Gewabe
663 2277 705 2329 die
724 2278 923 2345 Veraommluny
940 2277 986 2329 der
1003 2280 1097 2331 Gottor

95 2353 153 2420 auf
167 2351 225 2402 dem
242 2352 412 2421 Areopuy,
431 2370 476 2404 um
494 2370 526 2404 zu
544 2352 713 2416 entardeideu,
737 2353 768 2404 ob
785 2352 824 2404 aie
842 2352 904 2404 oder
922 2353 1034 2420 Neptuu
1051 2355 1097 2406 der

99 2426 289 2495 Cecropiselteu
307 2428 385 2480 staur
403 2428 453 2480 deu
472 2429 577 2480 Numan
593 2429 673 2497 ychen
696 2429 771 2491 selle,
795 2427 880 2479 wouei
899 2427 937 2479 aie
958 2429 1007 2480 deu
1032 2430 1097 2482 Vor-

95 2521 147 2573 zuy
158 2504 251 2567 crhdlt,
270 2503 332 2556 weil
341 2503 379 2556 sie
391 2504 440 2557 deu
455 2504 581 2570 Oelduum
592 2503 776 2572 heroorbriaqe'
788 2505 914 2572 (Neptem
929 2504 975 2557 dae
988 2506 1096 2575 Pfcrd).

95 2580 206 2632 Andcre
224 2579 407 2650 Zeiolmuaqeu
424 2579 542 2633 baciolam
558 2579 615 2632 aicit
631 2583 686 2650 auf
699 2581 778 2633 rtolze
797 2569 966 2651 Uderhebuaq
983 2583 1039 2635 uod
1054 2582 1097 2635 dia

96 2658 211 2727 erfolyta
230 2657 332 2726 Strafe.
368 2658 428 2710 Daa
450 2659 539 2710 Gamzo
562 2656 719 2726 comedituyt
741 2657 779 2710 eie
801 2656 851 2710 mit
866 2656 1031 2726 sriedle'clreu
1052 2650 1096 2713 (il-

96 2733 282 2787 baumraukeu.
328 2735 453 2787 Arachne
482 2734 595 2804 dayeyea
619 2735 686 2787 webt
711 2735 814 2788 allarici
847 2735 1016 2787 Lactertaten
1051 2734 1099 2787 dar

101 2813 196 2864 Gdtter
213 2809 310 2876 diocia,
323 2811 438 2881 freiliclr
454 2810 504 2863 mit
521 2810 593 2864 einer
611 2812 823 2865 tacitaetacitae
846 2813 1035 2876 Gemandtlteit,
1054 2814 1097 2867 die

95 2887 174 2940 solbat
186 2887 312 2941 Minerva
329 2887 402 2941 nicht
420 2887 508 2942 tudela
524 2889 603 2942 kann.
635 2889 719 2942 Desto
735 2890 808 2942 mehr
825 2890 887 2942 uber
905 2890 1039 2959 eryrimurt
1056 2892 1096 2943 dic

95 2962 258 3018 himmlieoite
279 2965 374 3018 Gottira
390 2966 455 3018 tiber
470 2965 573 3018 colciaco
591 2965 762 3019 Miaabrauolr
779 2966 826 3018 der
843 2966 941 3030 Kuuat,
961 2967 1007 3019 der
1025 2967 1096 3020 cicer

95 3040 249 3110 Belehruuy
265 3040 338 3094 uiolet
359 3042 432 3095 meir
447 3041 533 3111 fdlriy
556 3041 601 3105 iet,
626 3043 739 3095 raudera
760 3042 899 3111 ylee'oiuam
922 3042 1023 3111 Prtiyel
1042 3043 1098 3095 und

96 3117 226 3186 Procyon
243 3135 296 3169 aur
314 3119 409 3187 Strafa
426 3118 482 3170 uod
494 3117 614 3170 Sokanda
630 3117 756 3171 verdieut.
792 3119 853 3170 Dua
871 3116 1033 3185 widerfdlrrt
1049 3119 1097 3171 der

94 3194 227 3247 Arachne.

181 3317 249 3377 Non
271 3316 346 3376 illud
368 3317 479 3391 Pallas,
502 3336 563 3377 non
585 3317 659 3378 illud
683 3336 809 3396 carpere
831 3318 921 3378 Livor

99 3405 158 3461 130
183 3402 282 3462 Possit
304 3420 388 3480 opus.
432 3402 534 3463 Doluit
556 3421 703 3463 successu
725 3403 806 3463 flava
828 3405 940 3480 virago,

181 3486 220 3556 Et
240 3488 321 3564 rupit
342 3488 448 3565 pictas,
474 3487 620 3548 caelestia
643 3490 775 3563 crimina,
800 3495 913 3563 vestes;

182 3571 281 3649 thue
306 3569 465 3649 Cytoriaco
488 3573 606 3634 radium
630 3574 667 3633 de
690 3578 791 3634 monte
813 3574 945 3649 tenebat,

147 3688 237 3737 Bone,
251 3684 318 3727 Ovid.
921 3691 937 3738 4
