2660 4228
304 284 359 340 Die
375 283 512 341 Auellien.
547 285 621 342 Tast.
634 285 686 347 111,
703 287 847 340 tor-³92.
1015 295 1075 358 109

162 458 362 536 Conveniunt,
388 461 605 538 celebrantque
629 461 724 539 dapes
746 463 857 524 vieinia
878 463 1016 542 simplex,

204 545 243 607 Et
265 552 387 607 cantant
410 547 526 623 laudes,
551 546 689 607 Termine
712 554 828 623 sanate,
852 554 933 609 tuas:

160 630 207 691 Tu
228 631 359 710 populos
381 631 533 711 urbesque
557 637 588 692 et
609 651 702 710 regna
724 635 857 710 ingentia
879 635 956 710 finis,

73 720 136 776 660
205 715 308 777 Omnis
331 719 386 778 erit
407 719 472 777 sine
494 724 525 778 te
547 717 695 795 litigiosus
719 737 798 797 ager.

161 801 253 862 Nulla
273 802 328 862 tibi
352 802 474 864 ambitio
497 808 552 879 est,
576 803 660 863 nullo
684 806 885 883 corrumperis
909 824 990 882 auro,

204 887 350 967 Legitima
371 907 477 950 servas
500 889 617 949 eredita
638 908 709 950 rura
731 890 801 950 fide.

162 969 194 1034 Si
215 981 250 1034 tu
271 975 423 1052 signasses
446 975 517 1035 olim
538 973 722 1056 Thyreatida
743 980 864 1050 terram,

205 1057 340 1139 Corpora
361 1078 422 1120 non
443 1058 506 1120 leto
528 1059 620 1119 missa
641 1065 780 1121 treeenta
801 1061 913 1135 forent,

74 1148 137 1205 665
161 1143 227 1206 Neo
249 1146 327 1206 foret
349 1144 520 1224 Othryades
544 1147 695 1223 congestis
717 1140 817 1206 te'otus
840 1148 870 1206 in
894 1149 994 1207 armis:

204 1230 229 1292 0
253 1236 402 1309 quantum
423 1231 540 1310 patriae
562 1232 716 1308 sanguinis
738 1230 790 1291 ille
813 1231 910 1292 dediti

162 1315 250 1389 Quid,
274 1335 356 1377 nova
378 1336 448 1376 eum
469 1317 578 1377 fierent
600 1314 770 1395 Capitolia?
791 1335 901 1395 nempe
924 1318 1049 1378 deorum

206 1400 325 1463 Gunota
346 1401 411 1462 lovi
434 1403 524 1463 cessit
546 1401 637 1462 turba
658 1402 821 1480 locumque
845 1403 941 1462 dedit:

161 1486 328 1563 Terminus,
352 1494 387 1547 ut
408 1494 577 1549 memorant
598 1494 728 1563 veteres,
751 1489 892 1548 inventus
914 1490 944 1548 in
968 1491 1045 1550 aede

75 1575 138 1632 670
205 1572 327 1634 Restitit
349 1580 381 1633 et
401 1591 510 1649 magno
535 1592 605 1632 oum
626 1573 697 1633 love
720 1573 834 1649 templa
856 1579 947 1632 tenet.

162 1657 252 1718 Nune
274 1676 405 1735 quoque,
429 1677 463 1716 se
485 1675 578 1735 supra
598 1675 638 1717 ne
661 1658 734 1734 quid
757 1659 814 1717 nisi
835 1658 937 1717 sidera
963 1665 1074 1733 cernat,

205 1743 356 1819 Exiguum
376 1741 480 1819 templi
502 1747 587 1802 tecta
607 1741 742 1802 foramen
765 1741 887 1803 habent.

165 1827 313 1899 Termine,
335 1833 405 1904 post
425 1826 501 1886 illud
523 1827 631 1887 levitas
653 1827 708 1886 tibi
730 1827 826 1888 libera
847 1847 908 1888 non
932 1835 989 1889 est:

209 1911 277 1984 Qua
297 1913 414 1989 positus
435 1913 528 1973 fueris
550 1913 580 1972 in
602 1915 741 1987 statione,
765 1912 870 1974 mane!

80 2001 142 2057 675
165 1997 230 2057 Neo
252 2003 285 2057 tu
306 1998 405 2057 vicino
428 1999 592 2076 quiequam
615 1999 751 2059 consede
773 2001 899 2078 roganti,

206 2083 251 2142 Ne
273 2081 396 2143 videare
418 2083 569 2144 hominem
591 2086 803 2163 praeposuisse
824 2084 897 2145 lovi.

163 2166 200 2228 Et
221 2187 277 2229 seu
298 2169 479 2245 vomeribus,
503 2188 559 2230 sen
581 2176 614 2230 tu
636 2169 799 2248 pulsabere
821 2172 933 2242 rastris,

208 2252 359 2314 Clamato:
384 2254 488 2329 „Tuus
510 2261 557 2314 est
578 2255 627 2314 hio
651 2274 730 2332 ager,
754 2254 804 2314 ille
827 2253 938 2315 suus!“

162 2338 216 2399 Est
237 2341 296 2414 via,
319 2358 398 2417 quae
419 2339 566 2418 populum
587 2339 753 2399 Laurentes
777 2338 862 2398 ducit
883 2340 913 2396 in
937 2356 1031 2415 agros,

78 2430 140 2487 680
207 2423 368 2496 Quondam
388 2423 540 2484 Dardanio
563 2442 655 2501 regna
677 2424 773 2503 petita
795 2423 879 2483 duoi:

163 2508 219 2569 llla
240 2509 367 2586 lanigeri
387 2510 506 2586 peeoris
528 2508 592 2583 tibi,
615 2507 762 2581 Termine,
786 2508 870 2567 fibris

208 2592 304 2654 Sacra
325 2592 408 2653 videt
430 2594 496 2654 fieri
517 2600 623 2654 sextus
646 2591 685 2654 ab
707 2591 788 2653 Urbe
810 2594 897 2672 lapis.

41 2748 45 2755 .
166 2679 312 2741 Gentibus
335 2686 382 2740 est
404 2678 470 2740 aliis
491 2677 583 2739 tellus
606 2677 679 2739 data
701 2678 793 2739 limite
817 2684 914 2740 oerto:

206 2763 361 2828 Romanae
384 2766 515 2843 spatium
537 2771 584 2826 est
604 2763 692 2825 Urbis
715 2770 746 2824 et
768 2764 856 2825 Orbis
878 2763 968 2825 idern.

415 3019 469 3092 34.
498 3023 559 3091 Ilio
579 3022 741 3093 duoiliem

456 3144 515 3192 (nra.
529 3145 571 3196 111,
584 3141 705 3193 eor-em.)

130 3247 190 3304 Der
212 3248 237 3301 1.
256 3247 332 3302 littra
353 3259 412 3299 war
435 3245 500 3299 dem
519 3244 611 3299 Mars
634 3244 763 3313 gevelht,
792 3260 847 3301 von
870 3242 1003 3303 welehem
1028 3247 1078 3302 der

80 3327 176 3381 Monet
202 3322 298 3378 seinen
319 3322 425 3378 Nomen
450 3321 509 3376 hat.
547 3320 608 3376 Ihm
635 3337 670 3376 au
692 3321 786 3376 Ehren
809 3322 925 3378 vvurden
945 3338 1002 3379 von
1023 3323 1078 3379 den

81 3403 188 3457 Trauen
206 3400 252 3454 die
269 3398 496 3453 Matronallen
512 3396 633 3466 gefeiert
650 3413 712 3452 zum
729 3396 888 3453 Andenken
910 3414 946 3452 an
967 3398 1012 3453 die
1028 3415 1077 3467 ge-

82 3479 199 3535 raubtsn
217 3474 427 3539 Sabinerinnen,
446 3474 483 3530 da
501 3476 542 3529 sie
559 3475 613 3529 den
625 3474 713 3543 Krieg
730 3473 870 3529 awisehen
887 3476 943 3530 den
956 3474 1078 3530 Romern

81 3557 137 3610 und
155 3553 290 3612 Sabinern
307 3551 394 3606 duroh
412 3551 472 3606 ihre
490 3549 636 3606 friedliehe
650 3549 919 3606 Daawisohenlrunft
936 3551 1076 3619 endigtsn.

81 3634 175 3688 Daren
196 3628 299 3699 knuplt
321 3628 372 3683 der
393 3626 511 3684 Diohter
537 3628 582 3683 die
603 3627 675 3698 Sage
698 3643 754 3683 von
779 3628 834 3681 den
859 3625 1001 3684 Priestorn
1026 3627 1078 3680 des
