2660 4228
234 233 294 296 106
484 227 537 280 Die
554 226 664 282 Fabier.
699 226 775 281 Fast.
787 225 823 291 II,
837 226 980 277 193-242.

360 404 406 463 lre
429 423 483 482 per
504 404 584 462 hanc
605 403 676 476 noli,
700 401 837 478 quisquis
860 399 905 460 esl
924 432 945 442 -
963 419 1052 461 omen
1074 402 1185 463 habet

318 489 373 549 1113
395 490 475 548 fama
497 490 586 548 refert
608 487 719 547 Fabios
743 488 841 545 exisse
864 493 1030 545 trecentos:

361 575 452 635 Porta
473 580 564 634 vacat
588 573 686 650 culpa,
711 572 766 632 sed
788 578 890 631 tamen
912 591 1001 633 omen
1022 572 1126 633 habet.

235 663 294 720 205
318 661 357 720 111
381 661 472 720 celeri
494 679 588 739 passu
611 657 784 718 Cremeram
806 660 932 735 tetigere
954 677 1099 736 rapacem
1115 689 1139 702 -

362 745 513 806 Turbidus
534 746 667 805 hibernis
689 743 739 803 ille
762 743 879 803 fluebat
902 744 987 820 aquis
1003 775 1035 819 -,

321 830 429 891 Castra
449 832 518 891 loco
542 836 666 909 ponunt.
710 829 867 888 Destrictis
891 828 1013 888 ensibus
1035 831 1092 907 ipsi

362 917 547 996 Tyrrhenum
568 916 670 975 valido
693 915 787 974 Marte
810 933 865 991 per
887 933 994 991 agmen
1018 922 1103 988 eunt3
1151 951 1155 956 =

321 1004 388 1063 Non
412 1003 506 1078 aliter,
531 1021 622 1079 quam
646 1020 716 1061 cum
737 1000 853 1077 Libyca
876 1001 914 1058 de
936 1019 1011 1078 rupe
1033 1001 1140 1060 leones

236 1092 296 1148 210
362 1090 511 1149 Invadunt
534 1106 655 1165 sparsos
676 1087 740 1145 1313
761 1104 816 1162 per
839 1104 910 1144 arva
932 1104 1047 1162 greges.

319 1175 484 1251 Diffugiunt
505 1174 609 1232 hostes
631 1172 851 1247 inhonestaque
874 1170 1001 1230 vulnera
1023 1177 1108 1249 tergo

362 1259 538 1337 Accipiunt;
562 1258 661 1317 Tusco
685 1258 830 1333 sanguine
852 1260 933 1315 terra
955 1255 1053 1316 rubet.

322 1343 372 1404 Sic
395 1347 512 1419 iterum,
537 1344 581 1402 sic
604 1361 696 1420 saepe
720 1342 842 1401 cadunt.
887 1340 944 1400 Ubi
967 1343 1088 1402 vincere
1112 1351 1221 1421 aperte

362 1429 431 1489 Non
453 1432 550 1504 datur,
574 1427 699 1488 insidias
722 1445 866 1504 armaque
888 1433 972 1500 tecta
993 1435 1112 1506 parant.

236 1519 297 1575 215
322 1514 455 1593 Campus
478 1521 555 1590 erat,
580 1515 680 1591 campi
703 1512 888 1572 claudebant
910 1512 1016 1573 ultima
1039 1514 1135 1573 colles

364 1600 516 1679 Silvaque,
541 1607 699 1659 montanas
722 1598 864 1658 occulere
887 1605 958 1677 31113
979 1599 1070 1658 13133.
1313 1656 1314 1677 ,

320 1688 354 1746 13
376 1688 476 1746 medio
499 1704 616 1764 paucos
638 1691 834 1760 armentaque
857 1702 926 1743 rara
946 1684 1130 1762 relinquunt,

365 1771 475 1832 Cetera
496 1772 631 1848 virgultis
655 1770 759 1830 abdita
779 1768 869 1829 turba
889 1769 975 1828 latet.

320 1857 402 1917 Ecce
424 1857 509 1916 velut
530 1863 646 1915 torrens
669 1856 758 1915 undis
780 1855 963 1934 pluvialibus
987 1862 1105 1930 auctus,

237 1945 298 2002 220
364 1942 424 2002 Aut
445 1944 523 2016 nive,
548 1960 627 2018 quae
650 1941 780 2018 zephyro
803 1941 885 1999 victa
906 1946 1028 2018 tepente
1051 1940 1126 2017 fluit,

321 2028 379 2087 Per
400 2033 468 2087 3313
489 2045 603 2104 perque
626 2027 691 2084 vias
713 2025 814 2101 fertur,
838 2044 906 2100 nec,
930 2032 963 2084 31
986 2032 1055 2087 ante
1078 2028 1210 2104 solebat,
1313 2000 1314 2061 l

364 2112 509 2188 Riparum
533 2111 654 2171 clausas
676 2113 809 2188 margine
832 2112 897 2170 finit
920 2128 1029 2188 aquas:

323 2196 374 2258 Sic
396 2196 482 2256 Fabii
504 2197 615 2256 vallem
637 2197 706 2255 latis
729 2197 916 2255 discursibus
938 2197 1060 2273 inplent,
1313 2266 1314 2273 ,

365 2284 515 2360 Quodque
537 2283 651 2356 vident,
674 2288 823 2355 sternunt3
847 2299 905 2340 nec
927 2288 1026 2342 metus
1048 2283 1127 2342 alter
1149 2286 1237 2345 inest

238 2371 298 2428 225
323 2369 390 2441 Quo
413 2370 506 2443 ruitis,
531 2386 680 2444 generosa
702 2366 829 2426 (13111331
851 2366 930 2427 13313
954 2368 1087 2427 creditur
1109 2369 1206 2446 hosti;

365 2452 499 2531 Simplex
520 2453 671 2528 nobilitas,
695 2453 813 2530 perfida
834 2451 897 2511 tela
919 2451 1007 2512 cavel

321 2539 442 2599 Fraude
465 2540 542 2616 perit
563 2540 666 2598 virtus.
710 2538 743 2598 ln
767 2543 888 2615 apertos
910 2538 1044 2614 undique
1068 2557 1196 2618 campos

364 2624 526 2683 Prosiliunt
547 2625 659 2697 hostes,
683 2630 714 2683 et
735 2623 815 2682 latus
838 2642 925 2682 omne
949 2630 1061 2684 tenent.

323 2709 402 2780 Quid
424 2709 538 2769 faciant
559 2711 651 2787 pauci
674 2714 779 2768 3311113
801 2715 846 2767 131
868 2709 949 2768 milia
970 2710 1083 2769 1311331

238 2797 299 2854 230
367 2793 494 2869 Quidve,
518 2794 599 2870 quod
622 2795 652 2853 iu
674 2795 783 2853 misero
806 2799 942 2871 tempore
970 2801 1072 2870 restet,
1101 2797 1238 2858 habenti

322 2878 408 2940 Sicut
433 2898 513 2956 aper,
536 2879 624 2956 longe
647 2880 729 2938 silvis
752 2880 910 2939 latratibus
934 2886 1029 2956 actus,

365 2964 522 3025 Fulmineo
546 2965 661 3024 celeres
684 2966 883 3043 dissipatore
907 2984 1008 3040 canes,

322 3050 393 3110 Mox
414 3056 517 3110 tamen
538 3052 602 3128 ipse
625 3051 713 3129 perit:
740 3051 784 3109 313
806 3069 866 3110 11311
889 3052 1055 3110 1331133131
1077 3053 1174 3128 133111,

364 3135 556 3213 Vulneraque
581 3135 697 3195 alterna
719 3136 853 3213 dantque
876 3135 1035 3214 feruntque
1058 3156 1161 3197 manu.

238 3222 298 3279 235
322 3221 388 3282 Una
411 3222 477 3281 dies
499 3221 610 3280 Fabios
634 3222 672 3280 ad
694 3221 809 3281 bellum
831 3222 953 3281 miserat
975 3240 1091 3281 omnes:

364 3306 412 3366 Ad
435 3305 550 3366 bellum
571 3307 678 3366 missos
700 3307 831 3384 perdidit
853 3325 914 3365 una
937 3307 1010 3366 dies.

322 3392 362 3452 Ut
384 3398 485 3451 tamen
507 3391 678 3451 Herculeae
700 3398 894 3470 superessent
917 3395 1032 3453 semina
1053 3396 1162 3471 gentis,

367 3475 518 3536 Credibile
542 3483 587 3537 331
608 3479 690 3555 ipsos
714 3476 902 3536 consuluisse
926 3478 1010 3539 deos.

322 3562 400 3621 Nam
422 3581 498 3639 puer
519 3562 647 3640 inpubes
671 3568 701 3620 et
724 3563 825 3622 adhuc
846 3580 908 3622 non
930 3565 1011 3624 utilis
1034 3565 1124 3625 armis
