2660 4224
247 280 287 342 58
413 274 537 330 Dttdolus
555 274 612 328 und
628 274 732 328 learns.
765 272 831 326 Met.
842 269 921 336 VIII,
937 272 1078 323 lae-259.

245 464 385 517 purpurae
404 445 558 498 Hoorlooko
575 442 739 498 absobneidet
761 441 860 504 (Nisus
881 442 910 495 ia
932 443 982 497 don
1000 444 1130 507 Seeadler,
1158 445 1254 514 Scylla

247 523 277 575 ia
295 524 344 575 dan
368 522 450 591 Vopel
471 521 542 576 Giris
558 520 741 584 onwandolt),
766 521 822 572 uad
836 519 913 573 leobrt
932 518 1060 590 sepserat
1080 522 1147 573 narb
1168 522 1254 575 Orata

247 599 354 663 surdelt,
386 616 427 651 wo
454 617 483 652 er
509 598 555 650 dos
587 598 740 668 Unpelreuer
767 595 994 661 Minotaurus,
1028 597 1086 650 dem
1111 597 1179 650 unali
1208 599 1254 652 die

248 677 368 729 Atbeaer
389 675 486 729 Trebel
501 692 552 727 oon
565 674 806 743 Memebeaopsarn
822 672 942 727 scateam
958 681 1068 738 massan,
1086 674 1116 726 in
1133 676 1181 728 das
1199 693 1254 728 oon

247 753 398 807 Dddalua
415 752 521 805 erbaute
538 751 688 820 Labyrintb
706 750 843 819 eiaaperrt.
878 750 1022 804 Theseus
1039 751 1101 804 aber
1118 757 1184 806 to'tot
1203 754 1254 806 das

253 830 408 899 Unqebeuar
427 829 509 882 durolr
533 829 614 899 ffllse
634 828 681 881 dar
697 827 859 892 Ariadne,
885 828 932 880 der
953 828 1065 881 Toobter
1081 829 1125 881 das
1143 829 1249 893 Minoa,

247 906 297 959 mit
314 906 361 959 der
378 924 407 959 er
424 906 535 959 alodum
552 922 602 959 oon
620 906 700 960 Creta
716 903 853 977 entflieltts
870 905 908 958 sie
925 905 996 957 wird
1011 908 1067 976 aas
1076 906 1173 959 Nasus
1190 907 1255 966 (der

247 983 420 1037 wetareieltm
436 984 521 1044 Inral)
543 983 601 1036 dam
617 983 739 1036 Bacchus
760 982 896 1036 oenndbll.
931 984 1010 1035 Aeoli
1026 983 1152 1037 Dddolus
1173 985 1252 1036 selant

247 1060 303 1113 siaa
319 1077 375 1130 wop
391 1078 442 1114 oon
459 1060 506 1114 der
523 1061 598 1114 Ineal
614 1061 694 1114 Creta
709 1059 766 1113 und
784 1059 898 1130 erflndat
914 1059 1017 1128 Hdpel.
1052 1059 1180 1114 Dordber
1203 1062 1253 1114 das

250 1139 371 1208 folpeade
389 1138 484 1190 staca:

516 1328 564 1400 15.
593 1331 742 1400 baralus
764 1331 832 1400 und
854 1332 981 1399 Ioarus.

613 1451 673 1502 (111.
687 1450 750 1504 vm,
764 1449 884 1501 1si-an.)

252 1565 310 1622 183
377 1539 537 1622 Daedalus
558 1560 682 1636 interea,
708 1558 817 1619 Creten
839 1559 1022 1637 longumque
1044 1578 1172 1638 perosus

333 1643 487 1721 Exsilium,
510 1651 673 1723 tactusque
696 1645 756 1705 loci
778 1644 888 1705 natalis
911 1663 1022 1719 amore,

253 1735 310 1792 185
336 1732 465 1809 Clausus
481 1738 546 1792 erat
560 1730 677 1810 pelago.
701 1730 830 1806 „Terras
844 1730 946 1807 lieet“,
963 1731 1067 1808 inquit,
1085 1738 1138 1805 „et
1149 1735 1251 1794 undas

334 1818 491 1879 Obstruat:
518 1822 549 1877 at
571 1817 690 1877 eaelum
714 1823 796 1876 certe
818 1821 911 1894 patet.
954 1814 1068 1876 Ibimus
1090 1816 1173 1878 illae.

335 1902 444 1964 Omnia
464 1901 627 1980 possideat,
651 1920 712 1961 non
734 1902 869 1979 possidet
892 1906 963 1967 aira
985 1901 1113 1962 Minos.“

333 1988 430 2062 Dixit,
457 1993 487 2047 et
508 1988 627 2064 ignotas
649 1988 783 2046 animum
805 1987 925 2046 dimittit
946 1988 977 2045 in
1000 1993 1089 2061 artes

334 2073 542 2150 Naturamque
563 2078 664 2132 novat.
709 2071 788 2132 Nam
809 2072 893 2150 ponit
915 2073 945 2131 in
967 2072 1072 2133 ordine
1094 2093 1226 2152 pennas,

252 2162 311 2218 190
334 2159 361 2220 A
382 2160 504 2218 minima
527 2164 659 2236 coeptae,
683 2156 806 2235 longam
828 2157 966 2218 breviore
988 2166 1145 2236 sequente,

334 2243 373 2304 Ut
396 2245 475 2304 olivo
499 2244 632 2304 oravisse
652 2249 750 2321 putes.
796 2240 847 2302 Sie
868 2244 983 2304 rustica
1005 2245 1160 2321 quondam

334 2330 451 2391 Fistula
473 2329 644 2408 disparibus
666 2328 812 2407 paulatim
834 2330 929 2405 surgit
952 2331 1063 2389 avenis.

335 2415 412 2477 Tum
434 2416 495 2475 lino
517 2415 635 2477 medias
658 2420 688 2474 et
711 2415 788 2474 seris
811 2414 924 2492 adligat
946 2416 1030 2491 imas,

333 2502 433 2580 Atque
455 2502 499 2562 ita
522 2501 705 2579 compositas
727 2518 822 2578 parvo
846 2501 1019 2560 curvamine
1041 2500 1147 2578 flectit,

252 2589 310 2646 195
334 2587 374 2646 Ut
394 2605 482 2647 veras
504 2587 636 2647 imitetur
659 2605 739 2645 aves
784 2585 862 2646 Puer
883 2585 988 2646 loarus
1010 2605 1072 2647 uua

335 2670 452 2744 Stabat,
476 2677 514 2747 et,
538 2673 661 2748 ignarus
684 2689 741 2731 sua
761 2690 795 2731 se
816 2677 949 2731 tractare
971 2671 1095 2750 pericla,

335 2756 393 2817 Ore
415 2757 564 2816 renidenti
586 2757 686 2829 modo,
710 2774 787 2834 quas
808 2774 887 2834 vaga
909 2765 1045 2818 moverat
1068 2776 1152 2832 aura,

336 2840 488 2918 Captabat
508 2841 636 2921 plumas,
660 2841 773 2901 flavam
794 2842 886 2902 modo
907 2842 1018 2920 polliae
1042 2861 1145 2905 ceram

333 2926 478 3002 Mollibat,
502 2927 633 3005 lusuque
655 2945 711 2987 suo
733 2928 871 2988 mirabile
892 2929 986 3006 patris

250 3014 312 3073 200
334 3012 523 3091 impediebat
545 3031 630 3091 opus.
675 3011 839 3090 Postquam
867 3032 975 3074 manus
1003 3014 1109 3075 ultima
1132 3020 1252 3096 coeptis

333 3097 467 3176 Inposita
489 3104 542 3174 est,
567 3099 701 3177 geminas
723 3099 825 3177 opifex
846 3098 965 3159 libravit
987 3101 1018 3159 in
1040 3100 1105 3161 alas

332 3184 400 3262 Ipse
422 3202 511 3244 suum
535 3202 645 3262 eorpus
666 3190 809 3262 motaque
831 3184 975 3263 pependit
995 3186 1026 3245 in
1050 3204 1133 3246 aura.

333 3269 456 3329 Instruit
478 3276 508 3330 et
529 3275 647 3329 natum:
671 3269 853 3347 „Medioque
876 3275 910 3329 ut
931 3269 1025 3331 limite
1049 3289 1164 3348 eunus,

333 3355 449 3431 Ioare“‚
476 3356 524 3431 ait,
549 3373 688 3430 „monem
710 3373 758 3433 ne,
782 3356 808 3414 si
832 3354 989 3415 demissior
1009 3356 1076 3432 ibis,

250 3441 310 3500 205
333 3440 422 3500 Unda
443 3447 548 3518 gravet
569 3459 692 3519 pennas,
717 3441 743 3500 si
766 3439 882 3514 eelsior,
905 3441 983 3518 ignis
1006 3443 1123 3503 adurat.

333 3525 413 3586 Inter
435 3532 596 3605 utrumque
619 3525 698 3586 vola.
743 3524 808 3586 Neo
830 3531 861 3585 te
883 3535 1022 3604 spectare
1044 3526 1161 3589 Booten

334 3610 394 3672 Aut
415 3611 541 3672 Helioeu
562 3610 663 3687 iubeo,
687 3611 862 3672 strictumve
884 3609 1001 3674 Orionis
1025 3631 1137 3673 ensem.
