2660 4224
236 260 276 320 68
390 253 446 307 Dar
462 253 524 306 Tod
542 252 593 306 des
611 251 749 306 Hercules.
785 251 849 305 Met
861 251 911 314 IX,
927 252 1068 306 rut-272.

239 433 297 488 160
320 429 455 506 Vinaque
477 445 661 488 marmoreas
683 424 789 504 patera
809 425 956 486 fundebat
976 428 1007 485 in
1030 446 1107 488 aras.

319 515 447 575 Incaluit
467 514 512 572 vis
535 512 587 573 illa
607 512 686 587 mali,
711 511 904 589 resolutaque
926 512 1062 587 flammis,

319 600 486 660 Herculeos
510 598 581 657 abiit
602 598 663 656 late
686 596 795 656 diffusa
817 615 871 673 per
894 603 985 657 artus,

320 685 398 745 Dum
419 685 523 762 potuit,
548 684 637 743 solita
658 683 801 760 gemitum
822 683 931 742 virtute
952 685 1108 761 repressit,

320 770 407 834 Victa
429 770 515 829 malis
536 775 697 847 postquam
720 774 766 826 est
786 769 939 844 patientia,
962 769 1095 846 reppulit
1117 788 1200 843 aras,

239 857 297 914 165
320 856 507 934 Inpleritque
531 856 592 915 suis
614 871 804 914 nemorosum
826 853 953 912 vocibus
974 853 1081 914 Oeten.

319 943 385 1001 Nec
407 958 503 1014 mora,
527 940 674 999 letiferam
697 945 824 998 conatur
844 940 982 999 scindere
1003 947 1137 1015 vestem,

321 1029 389 1099 Qua
410 1026 544 1101 trahitur,
568 1026 659 1085 trahit
680 1024 732 1083 illa
755 1030 863 1099 cutem,
887 1024 1070 1102 foedumque
1093 1026 1205 1102 relatu,

320 1112 381 1172 Aut
402 1113 508 1171 haeret
530 1110 670 1170 membris
693 1110 803 1169 frustra
824 1115 970 1187 temptata
991 1111 1106 1185 revelli,

321 1198 382 1257 Aut
402 1197 522 1255 laceros
545 1202 628 1256 artus
651 1201 681 1254 et
702 1195 827 1271 grandia
849 1195 962 1272 detegit
983 1214 1062 1255 ossa.

240 1286 298 1340 170
321 1284 388 1360 Ipse
412 1300 508 1354 cruor,
532 1281 630 1358 gelido
654 1298 712 1339 ceu
735 1280 887 1358 quondam
908 1281 1051 1340 lammina
1073 1283 1211 1343 candens

321 1368 428 1426 Tincta
448 1365 528 1440 lacu,
553 1365 650 1425 stridit
672 1366 871 1442 coquiturque
894 1366 1018 1426 ardente
1041 1386 1170 1427 veneno.

321 1454 385 1513 Nec
407 1452 515 1511 modus
538 1458 595 1525 est;
620 1450 742 1510 sorbent
758 1450 864 1510 avidae
879 1452 1060 1528 praecordia
1077 1452 1230 1527 flammae,

324 1538 550 1613 caeruleusque
572 1536 639 1595 fluit
660 1542 723 1595 toto
747 1536 784 1596 de
808 1543 933 1613 corpore
955 1537 1055 1609 sudor,

322 1623 521 1701 Ambustique
545 1629 653 1682 sonant
673 1623 765 1697 nervi,
791 1640 946 1698 caecaque
969 1623 1110 1682 medullis

242 1712 299 1767 175
322 1710 405 1770 Tabe
428 1709 608 1786 liquefactio,
633 1707 760 1767 tendens
784 1708 822 1766 ad
844 1707 945 1767 sidera
966 1707 1097 1785 palmas:

323 1793 520 1869 „Cladibns“,
545 1792 704 1866 exclamat,
729 1790 897 1867 „Satumia
922 1810 1049 1870 pascere
1070 1794 1196 1854 nostrisl

322 1881 462 1953 Pascere,
491 1884 522 1936 et
541 1879 621 1938 hano
642 1884 760 1954 pestem
781 1885 895 1955 specta,
925 1879 1064 1953 crudelis,
1096 1880 1136 1939 ab
1161 1880 1228 1954 alto,

325 1964 444 2042 Corque
466 1964 563 2022 ferum
590 1960 679 2021 satial
707 1963 757 2020 vel
779 1965 803 2021 si
825 1963 1014 2023 miserandus
1038 1969 1067 2022 et
1088 1964 1187 2025 hostis
1209 1995 1229 2006 -

323 2050 424 2109 Hostis
446 2050 526 2107 enim
547 2047 601 2106 tibi
623 2065 690 2106 sum
706 2078 743 2121 -‚
769 2047 841 2106 diris
862 2048 1046 2108 cruciatibus
1070 2068 1194 2127 aegram

244 2137 300 2193 180
323 2136 513 2210 Invisamque
538 2134 666 2192 animam
687 2138 850 2209 natamque
872 2132 1028 2192 laboribus
1051 2135 1146 2195 aufer.

323 2221 403 2280 Mors
424 2219 496 2278 mihi
517 2236 625 2277 munus
642 2218 710 2291 erit;
735 2217 824 2277 decet
842 2219 919 2278 haec
936 2218 1008 2278 dare
1025 2220 1105 2279 dona
1120 2240 1231 2280 nover-

322 2305 399 2383 Ergo
422 2323 477 2382 ego
500 2303 672 2363 foedantem
686 2305 841 2380 peregrino
857 2304 970 2382 templa
990 2323 1096 2364 cruore
1142 2302 1229 2385 [cam.

323 2391 440 2451 Busirin
463 2388 585 2449 domuit
607 2407 759 2466 saevoque
783 2389 925 2449 alimenta
946 2391 1078 2467 parentis

324 2475 442 2536 Antaeo
465 2472 580 2552 eripuit
601 2493 659 2533 nec
681 2493 729 2534 me
751 2476 880 2552 pastoris
901 2474 980 2535 Iberi

244 2564 301 2620 185
325 2562 435 2621 Forma
448 2559 566 2637 triplex,
582 2577 641 2619 nec
652 2560 748 2619 forma
762 2560 871 2637 triplex
882 2566 943 2634 tua,
962 2558 1101 2635 Cerbere,
1119 2561 1230 2623 movit?

324 2646 432 2719 Vosne,
455 2662 571 2719 manus,
594 2644 686 2704 validi
708 2646 858 2722 pressistis
881 2663 995 2704 cornua
1016 2646 1126 2707 taurii.

323 2732 462 2791 Vestrum
484 2748 560 2806 opus
574 2728 636 2788 Elis
654 2729 755 2804 habet,
779 2735 912 2789 vestrum
927 2729 1152 2808 Stymphalides
1174 2751 1229 2792 un-

324 2815 577 2891 Partheniumque
598 2813 726 2874 nemost
748 2821 849 2875 vestra
863 2817 972 2875 virtute
994 2816 1107 2877 relatus
1152 2815 1228 2898 [dae

324 2900 594 2961 Thermodontiaco
618 2899 753 2959 caelatus
775 2900 894 2960 balteus
917 2920 1000 2974 auro,

247 2990 302 3046 190
324 2987 477 3063 Pomaque
501 2985 539 3045 ab
562 2986 688 3045 insomni
711 2987 922 3045 concustodita
945 2986 1098 3047 dracone?

325 3073 390 3132 Neo
411 3071 483 3130 mihi
506 3069 648 3130 Centauri
669 3076 795 3148 potuere
817 3073 967 3145 resistere,
990 3090 1049 3131 nec
1071 3074 1110 3131 mi

324 3157 474 3218 Arcadiae
496 3161 631 3215 vastator
653 3155 745 3233 apert
766 3174 824 3215 nec
846 3156 957 3234 profuit
978 3157 1092 3235 hydrae

327 3242 471 3303 Crescere
493 3259 546 3319 per
568 3241 710 3300 damnum
732 3243 926 3319 geminasque
952 3260 1104 3303 resumere
1131 3240 1228 3302 vireat

327 3329 415 3402 Quid,
432 3346 501 3387 cum
515 3326 639 3386 Thracis
656 3345 758 3403 equos,
780 3326 912 3386 humano
935 3329 1079 3405 sanguine
1094 3330 1226 3406 pingues,

247 3417 304 3472 195
327 3414 481 3490 Plenaque
505 3411 680 3490 corporibus
702 3411 811 3471 laceris
832 3414 1011 3491 praesaepia
1032 3413 1103 3488 vidi,

326 3500 456 3575 Visaque
479 3498 586 3571 deieci,
609 3496 822 3573 dominumque
836 3497 986 3574 'ipsosque
1008 3498 1142 3576 peremit

327 3585 379 3645 His
402 3584 476 3642 elisa
496 3583 578 3642 iacet
599 3581 693 3641 moles
714 3580 868 3641 Nemeaea
889 3580 1026 3655 lacertis;
