2660 4224
259 289 301 351 64
408 284 552 340 Philemon
569 286 627 340 und
645 283 755 340 Baucis.
790 284 854 339 liet
865 284 944 347 VIII,
958 285 1101 336 blf-724.

261 462 322 518 615
346 459 420 520 Esse
443 461 550 536 deos,“
573 460 656 536 dixit,
681 462 727 535 „si
749 460 823 520 dant
845 460 1041 538 adimuntque
1063 461 1213 538 figuras.“

389 545 569 624 Obstipuere
592 565 705 620 omues,
729 564 788 605 nec
809 545 883 606 talia
905 545 988 605 dicta
1009 546 1188 623 probarunt

346 630 424 692 Ante
447 650 613 710 omnesque
634 631 738 707 Lelex,
763 632 861 691 animo
883 638 1019 691 maturus
1040 638 1071 691 et
1093 650 1182 704 aevo,

345 715 397 776 Sic
419 718 474 777 ait:
499 717 660 791 „lnmensa
681 723 728 777 est
749 717 900 795 finemque
923 720 1058 793 potentia
1081 718 1162 778 caeli

344 802 412 862 Non
425 802 529 877 habet,
545 810 576 863 et
590 802 737 880 quidquid
752 804 854 879 superi
869 802 1001 877 voluere,
1025 811 1185 881 peractum
1202 812 1260 865 est

261 887 321 946 620
346 888 474 965 Quoque
496 890 594 948 minus
617 888 751 949 dubites:
776 889 858 948 tiliae
882 891 1069 949 contermina
1090 907 1228 967 quercus
1317 890 1318 917 ³

347 971 483 1033 Collibus
506 980 553 1034 est
574 973 716 1052 Phrygiis,
740 974 860 1034 modico
884 974 1073 1034 circumdata
1093 994 1191 1035 muro.

345 1058 413 1137 lpse
435 1059 538 1120 locum
559 1060 634 1134 vidi3
656 1078 728 1120 nam
749 1078 797 1120 me
819 1059 964 1137 Pelopeia
985 1059 1122 1120 Pittheus

345 1144 425 1204 Misit
445 1147 476 1204 in
500 1164 582 1219 arva,
604 1164 662 1205 suo
684 1145 837 1223 quondam
858 1152 984 1222 regnata
1004 1148 1131 1222 parenti.
1171 1208 1174 1209 a

346 1229 426 1289 Haut
441 1230 547 1307 procul
561 1230 633 1290 hinc
647 1237 787 1309 stagnum
802 1237 856 1304 est,
873 1230 964 1290 tellus
984 1230 1160 1290 habitabilis
1176 1231 1258 1306 olim,

262 1316 323 1374 625
346 1314 435 1374 Nunc
458 1315 596 1376 celebres
617 1318 728 1393 mergis
750 1316 910 1393 fulicisque
936 1316 1122 1394 palustribus
1143 1318 1258 1379 undae.

345 1399 479 1479 luppiter
499 1400 560 1460 huc
582 1402 686 1478 specie
707 1400 835 1475 mortali,
860 1419 991 1479 cumque
1013 1409 1139 1478 parente

345 1485 434 1545 Venit
455 1484 644 1546 Atlantiades
665 1488 770 1563 positis
793 1486 951 1547 caducifer
972 1487 1036 1547 alis.

346 1571 427 1631 Mille
451 1571 557 1632 domos
580 1571 691 1647 adiere,
715 1571 817 1632 locum
838 1573 1035 1650 requiemque
1058 1578 1214 1651 petentes:

346 1656 427 1716 Mille
451 1657 557 1718 domos
580 1657 718 1717 clausere
740 1675 837 1718 serae.
882 1657 996 1717 Tamen
1018 1676 1080 1717 una
1101 1662 1230 1737 recepit,
1317 1696 1318 1703 1

263 1744 324 1800 630
348 1741 446 1802 Parva
468 1744 599 1820 quidem,
623 1743 741 1821 stipulis
764 1750 795 1803 et
817 1761 916 1803 canna
936 1749 1021 1803 tecta
1041 1743 1183 1821 palustri:

348 1825 410 1887 Sed
432 1829 484 1904 pia
504 1827 615 1889 Baucis
638 1846 714 1888 anus
735 1830 883 1906 parilique
907 1835 1008 1889 aetate
1029 1828 1188 1890 Philemon

346 1912 403 1971 Illa
424 1919 495 1972 sunt
517 1916 603 1973 annis
624 1916 717 1973 iuncti
739 1914 930 1989 iuvenilibus,
953 1914 1006 1974 illa

349 1995 543 2057 Consonuere
567 2017 653 2073 casa;
678 2006 950 2077 paupertatemque
972 1999 1096 2059 fatendo

347 2081 484 2143 Effecere
505 2083 605 2143 levem
626 2101 685 2143 nec
706 2085 809 2162 iniqua
830 2091 930 2145 mente
952 2085 1088 2146 ferendo.

264 2168 324 2226 635
348 2166 414 2228 Nec
436 2168 536 2245 refert,
560 2169 698 2230 dominos
718 2169 789 2243 illic,
812 2169 980 2230 famulosne
1003 2172 1156 2249 requiras:

347 2253 425 2314 Tota
447 2254 554 2315 domus
577 2254 638 2315 duo
660 2261 739 2330 sunt,
762 2255 844 2314 idem
865 2262 1032 2334 parentque
1054 2256 1236 2335 iubentque.

390 2339 467 2418 Ergo
490 2341 542 2401 ubi
565 2340 731 2400 caelicolae
752 2359 862 2417 parvos
883 2341 1009 2418 tetigere
1030 2349 1160 2418 penates

254 2475 257 2481 Α
348 2424 574 2503 summissoque
596 2425 726 2486 humiles
746 2428 895 2486 intrarunt
915 2428 1029 2486 vertice
1051 2434 1168 2505 postes

347 2511 483 2572 Membra
503 2530 596 2571 senex
618 2513 716 2590 posito
738 2513 824 2572 iussit
845 2512 981 2571 relevare
1003 2512 1101 2585 sedili,

265 2598 325 2656 640
350 2597 416 2669 Quo
439 2599 634 2676 superiniecit
655 2603 773 2657 tentum
794 2597 869 2656 rude
892 2596 1001 2657 sedula
1020 2596 1143 2658 Baucis.

348 2681 422 2741 Inde
444 2682 513 2743 foco
534 2682 671 2760 tepidum
694 2682 826 2742 cinerem
849 2682 972 2742 dimovit
994 2688 1024 2741 et
1045 2684 1130 2760 ignes

349 2765 483 2827 Suscitat
503 2766 662 2828 hesternos
683 2767 822 2845 foliisque
845 2773 876 2827 et
898 2769 1012 2827 cortice
1034 2769 1118 2828 sicco

348 2852 449 2912 Nutrit
471 2859 501 2911 et
523 2852 562 2912 ad
584 2852 721 2913 flammas
744 2854 844 2913 anima
864 2853 1005 2930 producit
1027 2853 1106 2927 anili,

348 2937 573 3016 Multifidasque
595 2939 680 2998 faces
700 2938 886 3015 ramaliaque
911 2938 996 2998 arida
1017 2944 1099 2998 tecto
1312 2902 1316 3069 4

265 3026 325 3083 645
349 3023 463 3083 Detulit
485 3030 515 3083 et
535 3025 642 3084 minuit
662 3042 817 3101 parvoque
841 3024 974 3084 admovit
995 3022 1103 3084 aheno

349 3109 498 3187 Quodque
520 3128 594 3169 suus
617 3110 749 3170 coniunx
770 3111 855 3186 riguo
878 3109 1043 3186 collegerat
1064 3109 1163 3186 horto,

349 3194 482 3255 Truncat
502 3194 591 3255 holus
613 3194 700 3254 foliis.
745 3193 845 3253 furca
866 3193 949 3253 levat
969 3193 1020 3254 ille
1042 3194 1161 3255 bicorni

350 3278 480 3340 Sordida
501 3285 586 3359 terga
607 3282 679 3355 suis,
701 3281 786 3356 nigro
809 3279 973 3357 pendentia
994 3280 1085 3356 tigno,

350 3363 538 3443 Servatoque
561 3366 613 3425 diu
635 3372 755 3425 resecat
777 3364 815 3424 de
837 3370 955 3441 tergore
977 3371 1095 3442 partem

265 3449 325 3508 550
348 3449 495 3527 Exiguam
516 3458 693 3528 sectamque
717 3450 820 3510 domat
841 3448 1026 3509 ferventibus
1048 3450 1149 3511 undis.

348 3534 468 3596 Interea
489 3536 606 3596 medias
627 3535 735 3595 fallunt
756 3534 946 3594 sermonibus
967 3534 1065 3609 horas,

349 3617 520 3698 Sentirique
542 3639 658 3682 moram
679 3619 846 3697 prohibent.
891 3619 962 3680 Erat
984 3619 1089 3681 alveus
1111 3620 1177 3682 illic
