2660 4228
512 267 675 325 Sentenzen.

110 447 151 502 27
175 444 266 505 Ludit
286 445 317 504 in
337 444 477 505 humanis
500 444 600 505 divina
623 447 759 524 potentia
781 446 881 521 rebus,

217 529 254 589 Et
277 537 390 590 certam
412 549 556 610 praesens
577 532 628 590 vix
650 530 743 592 habet
765 531 840 593 hora
861 532 963 592 iidem.

110 616 151 674 28
176 615 284 693 Magna
305 617 360 676 fuit
381 616 534 693 quondam
558 618 665 695 capitis
687 619 856 678 reverentia
879 620 956 692 cani,

217 702 310 779 Inque
333 720 389 762 suc
411 704 507 780 pretio
530 721 605 781 ruga
626 703 729 764 senilis
752 711 824 763 erat.

109 789 151 845 29
175 786 310 848 Membra
331 788 524 848 reformidant
546 788 667 849 mallem
685 804 806 867 quoque
830 790 936 857 saucia
958 795 1082 865 tactum,

217 872 362 952 Vanaque
385 873 522 934 sollicitis
543 874 649 934 incutit
672 875 780 935 ur‘nbra
801 881 923 934 metum.

110 959 151 1015 30
174 958 223 1019 Nil
245 959 323 1019 adeo
345 959 466 1019 fortuna
488 961 587 1037 gravis
609 959 780 1020 miserabile
802 960 884 1034 iecit,

217 1043 255 1104 Ut
277 1046 413 1104 minuant
434 1044 519 1105 nulla
541 1046 652 1122 gaudia
674 1052 759 1123 parte
782 1044 904 1105 malum.

111 1131 148 1188 31
173 1129 222 1189 Nil
245 1131 322 1191 adeo
344 1129 478 1190 validum
502 1137 556 1205 est,
581 1131 706 1191 adamas
727 1131 800 1191 licet
823 1130 934 1208 adliget
955 1131 1038 1209 illud,

216 1215 255 1276 Ut
276 1222 399 1277 maneat
420 1216 525 1294 rapido
548 1216 662 1275 firmius
684 1218 752 1295 igne
774 1216 862 1276 lovis.

110 1303 150 1359 32
174 1301 222 1361 Nil
244 1303 288 1361 ita
309 1301 437 1362 sublime
460 1308 506 1361 est
527 1320 680 1380 supraque
702 1302 840 1381 pericula
861 1304 967 1379 tendit,

216 1387 283 1448 Non
305 1389 344 1447 sit
365 1394 399 1447 ut
420 1388 543 1448 inferius
564 1390 813 1466 suppositumque
835 1388 909 1448 Dec.

28 1499 30 1502 >
110 1474 150 1530 33
173 1472 240 1533 Non
262 1473 331 1533 ideo
355 1472 447 1534 debet
468 1474 577 1552 pelago
600 1494 633 1534 se
657 1474 792 1547 credere,
816 1474 925 1552 siqua

215 1558 317 1619 Audet
337 1561 368 1618 in
390 1561 501 1636 exiguo
523 1558 629 1618 ludere
653 1559 765 1618 cumba
785 1559 866 1617 lacu,

111 1644 151 1700 34
174 1644 242 1704 Νοῃ
263 1663 340 1722 opus
363 1650 408 1702 est
429 1645 546 1720 magnis
567 1644 689 1719 placido
711 1644 826 1702 lectore
848 1645 961 1721 poetis3

218 1727 389 1800 Quamlibet
410 1728 535 1787 invitum
557 1726 773 1805 difficilemque
795 1734 908 1788 tenent.

112 1816 152 1871 35
176 1812 243 1872 Ncn
265 1812 355 1872 tellus
377 1812 486 1872 eadem
507 1814 585 1889 parit
607 1814 721 1887 omnia3
746 1813 857 1873 vitibus
879 1813 931 1874 illa

220 1896 374 1971 Convenit,
397 1896 474 1957 haec
497 1897 580 1972 cleis,
603 1898 662 1957 hac
685 1899 763 1958 bene
785 1899 866 1959 farra
886 1901 992 1961 virent.

114 1983 154 2039 36
177 1982 284 2043 Omnia
306 1982 459 2042 deficiant:
485 1985 601 2043 animus
623 1990 724 2044 tamen
746 1987 845 2044 omnia
867 1987 977 2061 vincit;

217 2068 270 2129 llle
293 2070 382 2129 etiam
403 2070 481 2129 vires
505 2088 615 2147 corpus
637 2069 750 2130 habere
773 2072 855 2130 iacit.

112 2153 151 2209 37
175 2154 282 2215 Omnia
303 2161 374 2214 sunt
394 2154 548 2214 hominurn
570 2157 654 2215 tenui
675 2156 840 2233 pendentia
861 2157 923 2230 filo,

216 2240 253 2299 Et
275 2240 374 2299 subito
398 2257 481 2313 casu,
504 2259 584 2317 quae
607 2239 740 2314 valuere,
764 2247 862 2300 ruunt.

111 2326 151 2383 38
175 2326 244 2388 Otia
267 2343 377 2402 corpus
400 2324 492 2398 alunt,
517 2327 633 2385 animus
655 2343 776 2403 quoque
800 2326 934 2401 pascitur
956 2324 1029 2400 illis;

215 2410 388 2471 Inmodicus
411 2416 516 2469 contra
539 2410 635 2487 carpit
657 2415 817 2486 utrumque
839 2409 935 2468 labor.

112 2497 151 2554 39
174 2496 318 2556 Passibus
341 2495 488 2572 ambiguis
509 2493 643 2554 Fortuna
664 2493 804 2554 volubilis
828 2501 914 2566 errat,

216 2581 253 2641 Et
274 2587 376 2641 manet
397 2581 428 2640 in
449 2579 531 2639 nullo
555 2587 640 2640 certa
661 2588 814 2657 tenaxque
836 2579 915 2640 luco.

112 2670 151 2725 40
174 2668 276 2729 Perfer
298 2673 328 2727 et
349 2664 481 2726 obdurat
505 2665 591 2725 dolor
612 2666 661 2725 hic
683 2666 737 2725 tibi
759 2664 892 2743 proderit
914 2666 984 2726 clim

218 2752 317 2831 Saepe
339 2751 407 2813 tulit
428 2751 517 2812 lassis
538 2770 630 2812 sucus
653 2770 772 2811 amarus
795 2770 892 2829 opem.

111 2840 150 2897 41
175 2839 330 2918 Principiis
352 2837 454 2898 ubstal
479 2856 547 2898 sero
568 2837 720 2897 medicina
741 2843 874 2915 paratur,

219 2923 296 2985 Cum
317 2923 398 2984 mala
419 2942 473 3002 per
494 2922 600 3000 longas
623 2921 805 2983 convaluere
827 2941 958 2999 moras„

113 3010 152 3066 42
176 3010 260 3082 Quae
282 3009 358 3070 latet
379 3011 469 3086 inque
492 3007 579 3068 bonis
602 3015 703 3068 cessat
724 3026 784 3067 uon
807 3010 927 3086 cognita
949 3007 1048 3084 rebus,

216 3095 351 3173 Adparet
372 3095 466 3154 virtus
489 3095 682 3171 arguiturque
705 3094 801 3153 malis.

113 3181 152 3239 43
176 3180 329 3254 Quaerere
351 3187 385 3240 ut
408 3180 576 3254 absumant,
601 3180 761 3256 absumpta
782 3181 933 3257 requirere
953 3188 1079 3254 certant,

218 3266 317 3344 Atque
338 3267 422 3343 ipsae
444 3267 523 3324 vitiis
544 3271 614 3324 sunt
636 3264 779 3325 alimenta
800 3267 893 3327 vices.

113 3355 153 3411 44
177 3351 234 3424 Qui
256 3352 370 3428 rapitur
391 3356 549 3429 spumante
572 3350 645 3425 salo,
670 3368 726 3410 sua
747 3351 893 3411 bracchia
915 3353 996 3412 cauti

218 3437 343 3514 Porrigit
364 3443 396 3496 et
416 3439 518 3515 spinas
540 3436 676 3513 duraque
698 3454 774 3496 saxa
796 3438 885 3515 capit.

113 3526 153 3582 45
177 3522 235 3596 Qui
256 3522 351 3582 semel
373 3529 419 3581 est
439 3520 541 3582 laesus
562 3521 663 3581 fallaci
685 3523 776 3600 piscis
800 3522 838 3581 ab
860 3522 959 3593 hamc,

220 3607 367 3668 Omnibus
389 3625 470 3667 unca
492 3607 567 3666 cibis
591 3627 662 3668 aera
683 3606 809 3666 subesse
832 3612 927 3683 putat.

144 3723 232 3771 Bene.
247 3720 312 3763 Ovld.
897 3723 927 3771 10
