2660 4228
265 324 307 385 94
516 317 699 387 Pythagoras.
734 315 799 368 1151.
810 314 873 380 XV,
885 317 1010 367 00-200.

353 493 403 554 Sic
426 493 587 567 exhortari,
611 490 781 568 seriemque
804 489 945 550 evolvere
966 490 1033 549 sati:

394 578 420 639 0
443 597 538 655 genus
561 579 719 637 attonitum
741 575 860 653 gelidae
881 575 1039 635 formidine
1062 576 1178 652 mortis,

352 664 430 736 Quid
454 662 556 741 Styga,
585 662 657 740 quid
679 661 823 722 tenebras
845 667 875 721 et
896 662 1018 720 nomina
1042 680 1125 722 vana
1145 664 1263 738 timetis,

270 754 328 809 155
352 750 508 809 Materiem
529 754 641 822 vatum,
664 747 792 824 falsique
814 745 951 825 pericula
972 747 1099 807 mundi?

353 834 496 912 Corpora,
520 834 583 893 sive
605 852 695 910 rogus
717 832 847 907 flamma,
871 849 927 891 seu
948 832 1020 891 tabe
1042 839 1183 895 vetustas

351 920 527 993 Abstulerit,
550 918 631 978 mala
652 936 742 996 posse
764 919 828 996 pati
849 935 910 976 non
931 914 995 976 ulla
1015 917 1144 995 putetis!

352 1006 448 1066 Morte
470 1010 576 1065 carent
598 1005 725 1078 animae,
748 1021 937 1081 semperque,
959 1002 1059 1080 priore
1081 998 1214 1065 relicta'

353 1090 442 1164 Sede,
466 1091 552 1151 novis
575 1089 714 1149 domibus
736 1090 841 1148 vivunt
860 1087 1058 1165 habitantque
1081 1098 1235 1168 receptae.

272 1180 330 1235 100
352 1177 420 1254 lpse
444 1195 499 1253 ego
517 1207 538 1218 -
554 1194 625 1235 nam
647 1174 803 1234 memini·
817 1173 937 1233 Troiani
958 1180 1094 1251 tempore
1116 1175 1191 1237 belli

352 1261 537 1321 Panthoides
558 1260 738 1338 Euphorbus
760 1277 853 1333 eram,
877 1260 926 1318 cui
948 1265 1073 1337 pectore
1091 1263 1245 1337 quondam

353 1346 457 1405 Haesit
478 1348 508 1404 in
532 1345 659 1404 adverso
683 1346 781 1421 gravis
802 1345 891 1404 hasta
912 1344 1035 1404 minoris
1056 1344 1192 1407 Atridae.

354 1430 488 1508 Cognovi
511 1430 651 1509 clipeum,
674 1429 782 1489 laevae
804 1431 972 1507 gestamina
992 1437 1122 1508 nostrae,

353 1517 456 1595 Nuper
477 1515 623 1575 Abanteis
640 1515 757 1592 templo
779 1514 900 1575 lunonis
922 1516 952 1573 in
973 1513 1069 1592 Argis.

272 1605 329 1661 165
354 1602 462 1662 Omnia
482 1607 645 1676 mutantur,
668 1600 742 1661 nihil
762 1600 871 1660 interit.
916 1599 1011 1674 Errat,
1037 1607 1066 1661 51
1087 1601 1173 1663 illinc

353 1688 421 1747 Huc
442 1689 533 1762 venit,
556 1687 627 1746 hinc
648 1685 730 1761 illuc,
755 1691 786 1745 51
808 1684 959 1762 quoslibet
981 1694 1114 1764 occupat
1137 1694 1221 1749 artus

354 1772 491 1852 Spiritus
515 1791 593 1850 eque
615 1772 685 1831 15115
707 1771 839 1831 humana
860 1772 891 1829 in
914 1788 1043 1849 corpora
1063 1776 1181 1850 transit,

352 1859 447 1936 Inque
469 1858 548 1916 feras
570 1863 681 1930 noster,
704 1875 762 1915 nec
784 1863 919 1933 tempore
943 1856 1060 1934 deperit
1081 1857 1155 1918 ullo.

353 1943 453 2020 thue
475 1944 561 2001 novis
583 1942 680 2000 facilis
702 1942 836 2019 signatur
859 1959 930 2001 cera
951 1942 1061 2020 figuris,

273 2032 330 2087 170
355 2029 420 2087 Nec
441 2033 545 2087 manet
566 2032 600 2086 ut
620 2027 726 2101 fuerat,
750 2045 809 2086 nec
830 2027 941 2086 formas
963 2034 1065 2087 servat
1088 2029 1223 2104 easdem,

308 2176 311 2183 Δ
355 2113 417 2173 Sed
428 2119 530 2171 tamen
540 2113 607 2190 ipsa
618 2111 726 2171 eadem
738 2116 797 2171 est:
812 2113 941 2171 animam
952 2114 996 2173 sic
1008 2130 1129 2191 semper
1141 2117 1264 2176 eandem
1312 2134 1313 2163 1

353 2199 437 2270 Ε555,
460 2198 515 2257 sed
538 2199 568 2256 in
590 2198 690 2256 varias
714 2197 810 2256 doceo
832 2198 960 2274 migrare
983 2199 1106 2276 figuras.
1312 2166 1313 2241 l

353 2284 440 2361 Erga,
463 2302 501 2342 ne
523 2284 621 2361 pietas
642 2283 681 2342 sit
702 2283 784 2343 victa
806 2283 947 2360 cupidine
969 2285 1091 2357 ventris,
1312 2290 1313 2323 l

353 2369 481 2444 Parcite,
504 2370 661 2443 vaticinor,
687 2373 832 2446 cognatas
854 2369 950 2428 caede
971 2369 1106 2429 nefanda

272 2459 329 2514 175
353 2454 523 2514 Exturbare
546 2456 669 2528 animas,
691 2472 750 2513 nec
772 2454 917 2532 sanguine
940 2455 1062 2531 sanguis
1086 2455 1197 2516 alatur.

394 2539 432 2598 Et
454 2541 596 2616 quoniam
617 2558 726 2617 magno
748 2540 828 2599 feror
843 2557 985 2615 aequore,
1004 2539 1157 2618 plenaque
1174 2545 1265 2604 ventis

353 2625 429 2684 Vela
451 2624 532 2684 dedi:
557 2624 637 2684 Nihil
659 2630 705 2684 est
727 2629 800 2699 1515,
823 2624 906 2701 quod
928 2631 1050 2703 perstet,
1074 2626 1105 2685 in
1127 2627 1214 2688 orbe.

355 2708 474 2769 Cuncta
495 2709 601 2785 fluunt,
626 2711 782 2787 omnisque
804 2727 920 2787 vagans
942 2711 1088 2771 formatur
1109 2712 1221 2790 imago.

354 2795 424 2873 Ipsa
445 2812 567 2871 quoque
592 2793 719 2854 adsiduo
740 2794 884 2855 labuntur
905 2801 1042 2873 tempora
1063 2803 1157 2873 motu,

272 2885 330 2941 180
353 2880 420 2940 Ν55
435 2898 526 2939 secus
542 2897 579 2938 55
593 2878 715 2938 flumen.
746 2879 853 2957 Neque
869 2882 948 2940 enim
964 2883 1129 2942 consistere
1144 2882 1264 2957 flumen,

354 2965 419 3025 Nec
441 2965 516 3025 levis
537 2964 614 3025 hora
634 2970 747 3042 potest;
772 2966 836 3039 sed,
859 2971 894 3025 ut
914 2966 999 3026 unda
1019 2967 1173 3045 inpellitur
1187 2970 1266 3030 unda
1312 2972 1313 3011 ἓ

353 3051 564 3128 Urgueturque
587 3051 696 3110 eadem
717 3051 841 3111 veniens
862 3058 1031 3128 urguetque
1052 3053 1195 3130 priorem,

353 3136 502 3214 Tempora
523 3137 568 3195 sic
590 3136 707 3213 fugiunt
728 3138 848 3214 pariter,
871 3136 1044 3214 pariterque
1065 3146 1243 3215 sequuntur,

353 3221 391 3281 Et
404 3239 485 3281 nova
495 3227 565 3281 sunt
576 3239 703 3300 semper.
720 3221 805 3297 Nam,
819 3221 901 3299 quod
909 3221 964 3281 fuit
972 3228 1050 3298 51115,
1063 3223 1205 3284 relictum
1214 3230 1264 3297 est,

273 3311 330 3367 185
353 3307 471 3384 Fitque,
480 3306 641 3383 quodhaut
652 3307 979 3385 fuerat,momentaque
989 3315 1224 3371 cunctanovant
1257 3354 1263 3366 .

271 3481 332 3537 252
355 3478 420 3538 Nec
442 3479 561 3557 species
583 3497 640 3538 sua
661 3479 772 3555 cuique
794 3484 905 3552 manet,
928 3496 1089 3556 rerumque
1111 3482 1248 3542 novatrix

354 3563 400 3622 Ex
423 3563 488 3624 aliis
511 3563 586 3623 alias
608 3568 729 3641 reparat
749 3568 858 3623 natura
879 3564 1004 3641 figuras3

355 3647 419 3708 Nec
441 3648 519 3725 perit
539 3649 569 3707 in
591 3654 675 3707 tanto
697 3648 871 3726 quicquam,
897 3650 968 3709 mihi
990 3647 1115 3728 credite,
1144 3652 1255 3713 mundo
