2660 4228
253 212 342 269 Cesar
358 214 416 268 und
433 213 588 283 Augustus.
626 215 691 269 Met.
705 215 766 280 XV,
779 218 923 270 rte-ere.
1043 222 1083 284 97

169 388 215 449 Tu
237 389 332 449 facies
353 397 503 468 natusque
526 409 613 451 suus:
638 393 691 468 qui
712 393 839 452 nominis
861 393 950 455 heres

82 477 146 534 820
170 475 336 553 Inpositum
357 475 433 536 feret
454 476 542 536 Urbis
564 495 649 550 onus,
674 479 839 556 caedisque
861 480 996 556 parentis

169 560 233 620 Nos
254 562 285 619 in
306 561 388 620 bella
408 580 480 621 suos
501 562 680 623 fortissimus
701 563 781 623 ultor
802 563 937 623 habebit.
955 596 977 606 -

170 647 251 718 Quid
272 647 327 706 tibi
349 646 529 723 barbariem,
554 655 658 725 gentes
682 648 720 708 ab
743 655 871 727 utroque
893 651 1028 713 iacentes

82 734 145 791 830
170 732 305 807 Oceano,
327 732 503 792 numerem?
525 732 747 812 Quodcumque
769 734 935 795 habitabile
958 735 1049 795 tellus

169 817 312 893 Sustinet,
335 818 425 878 huius
447 820 512 878 erit.
556 817 669 879 Pontus
692 838 814 897 quoque
837 822 948 880 serviet
969 820 1022 879 illi.

168 903 250 965 Pace
273 905 345 964 deta
366 905 461 978 terris,
486 904 618 964 animum
641 905 681 964 ad
704 905 804 964 civilia
825 911 924 964 vertet

168 990 239 1050 Iure
260 1008 349 1049 suum
369 988 514 1067 legesque
536 990 613 1050 feret
634 990 814 1049 iustissimus
838 997 957 1064 auc-ton

168 1074 377 1153 Exemploque
399 1093 455 1134 suo
478 1093 577 1134 mores
599 1081 693 1151 reget,
717 1077 809 1153 inque
831 1076 924 1135 futuri

80 1162 145 1219 8³5
169 1160 323 1239 Temporis
346 1165 477 1220 aetatem
498 1167 754 1237 venturorumque
776 1167 921 1238 nepotum

168 1245 366 1324 Prospiciens,
390 1245 506 1324 prolem
528 1252 635 1306 sancta
658 1247 696 1306 de
720 1247 848 1323 coniuge
871 1253 975 1306 natam

169 1331 261 1392 Ferre
283 1331 371 1391 simul
392 1349 563 1409 nomenque
585 1351 674 1393 suurn
697 1350 847 1409 curasque
870 1332 999 1406 iubebit3

169 1417 235 1478 Nec
256 1417 312 1476 nisi
336 1435 406 1477 cum
427 1419 527 1478 senior
547 1416 647 1495 Pylios
670 1418 847 1494 aequaverit
870 1436 973 1492 annos,

168 1502 326 1563 Aetherias
347 1503 437 1563 sedes
459 1509 650 1579 cognataque
673 1504 774 1562 sidera
796 1509 908 1579 tanget.

82 1588 146 1646 840
169 1587 255 1647 Hanc
278 1588 407 1647 animam
429 1589 545 1646 interea
568 1605 658 1646 caeso
683 1588 721 1646 de
744 1605 871 1665 corpore
893 1594 1010 1665 raptam

170 1672 234 1733 Fac
255 1671 352 1745 iubar,
375 1678 410 1730 ut
431 1689 549 1748 semper
572 1669 721 1749 Capitolia
742 1677 846 1730 nostra
867 1671 1038 1750 Forumque

171 1757 265 1817 Divus
287 1756 326 1815 ab
350 1756 473 1815 excelsa
494 1762 669 1834 prospectet
688 1755 782 1816 Iulius
805 1757 913 1816 aede.“

214 1839 271 1899 Vix
295 1859 332 1901 ea
353 1840 433 1900 fatus
455 1846 528 1916 erat,
552 1842 653 1901 media
676 1859 746 1901 cum
768 1842 841 1901 sede
865 1849 990 1903 senatus

174 1924 314 1986 Constitit
335 1926 415 1986 olma
436 1925 546 2001 Venus,
569 1926 643 1987 nulli
666 1927 827 2003 cernenda,
851 1930 958 2005 suique

86 2012 149 2070 845
174 2010 313 2071 Caesaris
335 2012 443 2089 eripuit
464 2012 614 2088 membris,
638 2031 696 2073 neo
718 2014 748 2072 in
771 2018 842 2073 a‘e'ra
863 2015 940 2074 solvi

170 2096 265 2157 Passa
285 2104 439 2157 recentem
460 2099 590 2157 animam
613 2098 797 2159 caelestibus
818 2100 919 2158 intulit
941 2100 1036 2175 astris,

171 2183 309 2261 Dumque
331 2181 407 2257 tulit,
431 2183 533 2243 lumen
556 2201 667 2261 capere
690 2190 782 2261 atque
804 2186 962 2260 ignescere
980 2188 1083 2259 sensit,

169 2267 334 2345 Emisitque
356 2269 433 2328 sinu.
476 2268 562 2328 Luna
584 2268 668 2327 volat
690 2268 779 2327 altius
800 2268 861 2343 ille,

169 2353 455 2430 Flammifernmque
477 2353 601 2412 trahens
622 2354 757 2431 spatioso
779 2351 873 2412 limite
897 2352 1012 2411 crinem
1086 2363 1092 2368 ’

83 2440 147 2498 850
171 2437 268 2499 Stella
289 2439 391 2513 micat,
414 2439 538 2515 natique
560 2438 667 2496 videns
689 2437 851 2496 benefacta
873 2437 985 2495 fatetur

169 2523 244 2584 Esse
265 2523 329 2583 suis
351 2522 474 2596 maiora,
498 2528 529 2582 et
550 2522 631 2581 vinci
653 2521 766 2598 gaudet
788 2520 826 2581 eb
849 2521 910 2582 illo.

170 2609 227 2669 Hic
248 2626 306 2669 sue
326 2607 470 2685 praeferri
492 2625 676 2685 quamquam
698 2612 781 2666 vetat
804 2612 875 2667 acta
895 2608 1037 2684 paternis,

169 2694 280 2754 Libera
301 2694 383 2753 tama
403 2699 505 2753 tamen
526 2692 678 2770 nullisque
701 2691 833 2753 obnoxia
854 2693 943 2752 iussis

169 2778 299 2840 Invitum
319 2779 461 2857 praefert,
487 2795 609 2855 unaque
631 2780 662 2837 in
683 2784 770 2855 parte
791 2783 951 2857 repugnat.

84 2865 147 2923 855
170 2862 222 2926 Sic
244 2865 344 2941 magni
367 2864 449 2925 cedit
470 2864 566 2924 titulis
587 2862 820 2941 Agamemnonis
841 2862 960 2938 Atreus,

170 2949 273 3027 Aegea
294 2950 338 3009 sic
360 2948 503 3023 Theseus,
527 2951 572 3010 sie
594 2947 686 3009 Pelea
707 2949 801 3009 vincit
822 2947 965 3008 Achilles.

169 3034 314 3112 Denique,
337 3041 372 3094 ut
394 3034 541 3113 exemplis
562 3035 644 3112 ipsos
668 3035 869 3112 aequantibus
891 3039 968 3107 utar,

171 3118 222 3180 Sic
245 3126 275 3180 et
297 3118 445 3180 Saturnus
466 3121 563 3179 minor
585 3124 631 3178 est
652 3119 732 3179 love.
776 3118 911 3197 luppiter
933 3137 1020 3180 arces

169 3205 329 3283 Temperet
351 3206 501 3266 aetherias
522 3210 554 3264 et
575 3205 679 3265 mundi
701 3222 795 3282 regna
816 3205 972 3268 triformis:

85 3292 146 3351 860
169 3290 262 3351 Terra
283 3289 341 3349 sub
362 3289 511 3367 Augusto,
537 3294 623 3367 pater
645 3294 690 3349 est
713 3296 743 3350 et
765 3296 865 3349 rector
887 3296 1025 3367 uterque.

169 3375 215 3453 Di,
238 3392 355 3454 precor,
379 3374 501 3435 Aeneae
525 3375 660 3450 comites,
684 3375 794 3452 quibus
818 3375 897 3434 ensis
920 3381 950 3434 et
971 3375 1049 3451 ignis

171 3459 344 3535 Cesserunt,
369 3459 460 3538 dique
481 3459 642 3536 Indigetes,
666 3461 842 3537 genitorque
865 3459 987 3531 Quirine

170 3545 267 3620 Urbis,
292 3551 323 3606 et
343 3544 446 3605 invicti
468 3545 584 3622 genitor
607 3543 736 3606 Gradive
758 3544 874 3618 Quirini

136 3659 303 3711 Bone,0vld.
429 3650 432 3655 ’
540 3648 543 3654 Δ
687 3643 727 3659 ”
845 3663 848 3673 “
915 3658 930 3707 ’1
