2660 4224
241 303 283 367 84
303 300 357 357 Die
366 300 459 356 Fama.
473 301 539 354 Met.
548 298 612 364 XII,
622 299 732 351 39-63.
749 294 883 351 Achilles.
894 293 1180 360 treantes-eas.

603 467 657 536 22.
684 467 878 535 Dicitana.

624 571 683 621 (nro.
696 571 748 619 x11.
761 566 856 617 ee-ee.)

370 649 451 731 Orbe
474 670 560 729 locus
583 670 684 728 medio
708 675 755 729 est
780 669 858 727 inter
885 673 1043 744 terrasque
1070 667 1246 744 fretumque

265 761 305 816 40
329 755 547 833 Caelestesque
570 755 686 833 plagas,
710 753 837 831 triplicis
860 753 991 813 confinia
1013 753 1129 812 mundi:
1303 778 1304 839 p

328 841 424 917 Unde,
448 840 530 919 quod
555 847 600 901 est
622 858 760 918 usquam,
784 841 921 916 quamvis
943 838 1116 915 regionibus
1140 838 1231 911 absit,
1303 850 1305 949 p

327 927 497 1005 Inspicitur,
520 931 720 1005 penetratque
744 944 836 986 cavas
858 942 919 984 vox
942 924 1038 984 omnis
1062 924 1100 984 ad
1126 941 1227 983 aures.

329 1012 441 1073 Fama
463 1019 554 1086 tenet,
578 1028 757 1088 summaque
781 1010 904 1070 domum
925 1009 983 1068 sibi
1012 1008 1085 1085 legit
1106 1010 1138 1068 in
1162 1027 1243 1083 arce,

328 1097 566 1175 Innumerosque
589 1098 689 1157 aditus
712 1114 749 1155 ac
771 1095 852 1154 mille
874 1095 1021 1154 foramina
1042 1095 1133 1153 tectis

268 1185 306 1241 45
331 1181 464 1256 Addidit,
489 1189 518 1242 et
539 1182 630 1242 nullis
652 1181 774 1242 inclusit
795 1181 899 1240 limina
919 1180 1022 1258 portis.

330 1266 427 1326 Nocte
451 1266 561 1343 dieque
583 1272 677 1343 patet.
722 1265 799 1326 Tota
821 1271 868 1325 est
890 1283 929 1325 ex
952 1283 1022 1326 aere
1045 1265 1179 1324 sonanti:

330 1351 407 1411 Tota
427 1352 533 1425 fremit,
556 1369 709 1428 vocesque
732 1350 823 1410 refert
836 1351 995 1427 iteratque,
1020 1351 1101 1427 quod
1128 1350 1221 1410 audit.

331 1436 423 1496 Nulla
444 1438 531 1514 quies
552 1438 633 1496 intus
654 1434 799 1512 nullaque
821 1434 941 1495 silentia
961 1441 1057 1513 parte.

330 1521 395 1581 Nec
417 1528 520 1582 tamen
542 1528 589 1581 est
611 1521 734 1594 clamor,
757 1521 812 1580 sed
834 1539 947 1597 paruae
969 1539 1124 1581 murmura
1146 1523 1230 1582 vocis

268 1611 308 1666 50
332 1607 441 1678 Qualia
464 1607 501 1666 de
524 1606 634 1685 pelagi,
657 1607 683 1665 si
705 1607 772 1683 quis
794 1605 901 1683 procul
925 1605 1038 1681 audiat,
1062 1606 1154 1666 undis

330 1692 405 1752 Esse
427 1693 535 1766 solent,
558 1692 718 1769 qualemve
740 1710 856 1765 sonum,
881 1709 950 1750 curn
971 1691 1106 1769 luppiter
1129 1698 1210 1753 atras

330 1777 484 1855 increpuit
504 1776 612 1852 nubes,
637 1783 773 1837 extrema
794 1778 927 1836 tonitrua
948 1777 1089 1837 reddunt.

285 1864 287 1868 ’
330 1861 414 1921 Atria
435 1862 526 1921 turba
547 1868 645 1936 tenet;
669 1863 794 1921 veniunt
815 1862 882 1920 leve
904 1861 1013 1938 vulgus
1036 1867 1182 1940 euntque,

331 1947 486 2023 Mixtaque
509 1964 580 2005 cum
601 1947 679 2006 veris
701 1947 814 2023 possim
836 1954 1008 2007 commenta
1029 1954 1181 2026 vagantur

269 2034 308 2091 55
331 2031 413 2091 Milia
434 2049 597 2105 rumorum,
622 2032 809 2109 contusaque
830 2031 925 2091 verba
946 2033 1093 2093 volutant.

331 2115 355 2175 E
378 2115 490 2194 quibus
511 2116 542 2175 hi
563 2134 678 2177 vacuas
699 2116 815 2195 inplent
836 2117 1025 2177 sermonibus
1049 2138 1148 2196 aures,

331 2200 369 2259 Hi
390 2208 513 2263 narrata
534 2202 634 2262 terunt
657 2202 724 2276 alio,
752 2220 954 2280 mensuraque
976 2204 1041 2262 ficti

333 2284 458 2361 Crescit,
483 2292 513 2346 et
537 2288 648 2347 auditis
670 2287 782 2364 aliquid
805 2304 902 2346 novus
926 2286 1019 2348 adicit
1041 2296 1160 2350 auctor.

330 2370 396 2431 Illic
419 2369 600 2447 Credulitas,
623 2372 684 2432 illio
706 2373 884 2432 temerarius
905 2372 1003 2447 Error,

270 2459 309 2515 60
331 2455 477 2534 Vanaque
500 2457 628 2518 Laetitia
651 2464 696 2517 est
720 2458 964 2535 consternatique
986 2458 1130 2534 Timores,

331 2539 507 2619 Seditioque
529 2561 637 2603 recens
661 2542 815 2620 dubioque
838 2549 963 2604 auctore
985 2542 1116 2604 Susurri.

330 2625 408 2703 Ipsa,
432 2626 505 2703 quid
527 2629 558 2687 in
581 2628 667 2688 caelo
690 2647 791 2687 rerum
813 2628 982 2707 pelagoque
1006 2635 1128 2708 geratur

331 2709 369 2770 Et
390 2710 508 2786 tellure,
532 2712 615 2772 videt
637 2719 795 2790 totumque
817 2714 940 2790 inquirit
961 2715 992 2774 in
1014 2714 1131 2775 orbem.

624 2889 678 2960 23.
705 2893 864 2962 Achilles.

652 2995 713 3045 (rm,
728 3008 750 3036 v.
764 2994 790 3039 at
803 2995 836 3048 u.)

509 3084 532 3135 1.
558 3079 725 3136 Achilles
747 3082 815 3136 und
836 3081 988 3153 Cygnus.

603 3165 635 3216 (v.
649 3162 754 3218 er-ro1;
768 3162 888 3217 1oe-ru.)

298 3257 421 3327 Cygnus,
438 3257 481 3313 als
493 3256 568 3313 Sohn
579 3257 630 3314 dee
641 3259 762 3328 Neptno,
783 3260 821 3315 ist
833 3261 1064 3326 unverwundbar,
1077 3263 1148 3318 wird
1161 3266 1250 3323 daher

246 3335 422 3467 fflsstlon
434 3332 560 3390 Achillas
578 3339 724 3405 erutirgt
741 3338 799 3392 und
817 3337 891 3393 daun
908 3339 938 3392 in
955 3338 1036 3394 einen
1048 3336 1167 3396 Schwan
1184 3359 1250 3399 ver·

372 3512 506 3595 Fecerat
527 3535 605 3596 haec
626 3543 741 3610 notum,
765 3535 870 3598 Graias
894 3555 964 3598 cum
985 3538 1079 3600 milite
1102 3541 1175 3602 forti

268 3618 615 3682 castrametantes.
659 3622 767 3700 Neque
788 3624 1018 3703 inexspectatus
1039 3626 1070 3685 in
1094 3628 1188 3689 armis
