2660 4228
314 252 359 309 An
376 254 537 310 Tuticanum
575 254 638 310 Lib.
653 255 702 319 IV,
716 256 756 308 12.
976 260 1035 324 139

167 430 285 492 Lucida
306 429 404 490 Pieria
425 430 526 490 tendis
547 431 578 489 in
601 435 682 489 estre
703 431 761 489 via.

123 516 209 578 Haec
225 534 346 594 queque
362 534 410 576 res
427 515 540 592 aliquid
562 522 666 576 tecum
687 515 760 575 mihi
774 516 905 578 foederis
921 517 1032 579 adfert:

167 601 310 662 Eiusdem
331 601 412 661 sacri
434 600 533 660 culter
554 606 681 678 uterque
704 620 817 661 sumus.

58 692 99 748 65
124 686 173 748 Ad
195 693 297 747 vatem
318 692 404 747 vates
427 687 543 746 orantia
564 685 711 746 bracchia
731 687 833 763 tende,

167 773 261 833 Terra
281 774 320 833 sit
343 772 455 832 exsiliis
477 779 511 832 ut
532 778 586 832 tua
607 771 670 832 fida
692 772 776 831 meis.

124 858 193 919 Non
215 878 270 936 ego
294 858 391 918 caede
412 876 528 918 nocens
550 860 580 917 in
602 857 689 917 Ponti
710 856 800 917 litora
820 859 898 934 veni,

167 944 300 1004 Mixteve
321 950 391 1004 sunt
412 949 516 1003 nostre
538 944 604 1004 dira
625 960 745 1002 venena
765 960 873 1017 manu;

69 1096 74 1107 ‚
124 1030 190 1090 Nec
211 1048 281 1090 mee
302 1029 443 1089 subiecta
465 1030 605 1088 convicta
628 1034 674 1088 est
696 1046 815 1105 gemme
835 1028 951 1089 tabella

61 1119 100 1176 70
167 1115 347 1176 Mendacem
370 1114 448 1174 cen's
470 1115 639 1193 inposuisse
660 1119 772 1189 notam,

124 1201 189 1261 Nec
212 1203 386 1279 quicquam,
410 1199 492 1278 quod
514 1199 582 1278 lege
603 1204 689 1258 vetor
712 1200 908 1274 committere,
932 1199 1005 1259 iecit

166 1286 219 1347 Est
241 1292 343 1346 temen
363 1285 411 1345 his
434 1287 552 1362 gravier
572 1303 654 1345 nexa
675 1284 800 1345 fatenda
821 1286 902 1344 mihi.

123 1371 208 1433 Neve
223 1390 319 1449 reges,
332 1390 411 1448 quae
424 1373 476 1432 sit:
493 1372 617 1432 stultam
627 1388 720 1447 quem
734 1372 910 1449 scripsimus
920 1369 1031 1447 Artem,

165 1458 315 1518 Innocues
337 1457 425 1518 nobis
447 1458 525 1518 haec
546 1463 631 1518 vetet
653 1474 720 1515 esse
742 1475 859 1516 manus.

60 1547 76 1601 7
82 1546 99 1602 5
123 1543 240 1620 Ecquid
263 1550 423 1622 praeterea
444 1544 605 1621 peccarim,
631 1558 777 1618 quaerere
798 1540 870 1615 noli,

165 1628 205 1689 Ut
226 1628 321 1688 lateat
342 1628 408 1687 sele
431 1627 522 1704 culpa
543 1626 600 1687 sub
622 1624 694 1686 Arte
716 1643 794 1685 mea.

124 1713 279 1789 Quidquid
300 1713 332 1773 id
355 1718 409 1785 eet,
433 1711 540 1771 habuit
562 1710 750 1770 moderatum
771 1711 900 1771 vindicis
921 1712 1005 1787 iram,

168 1797 227 1869 Qui
247 1797 306 1856 nisi
326 1795 460 1856 natalem
481 1797 523 1857 nil
545 1795 616 1855 mihi
640 1795 769 1873 dempsit
789 1796 923 1856 humum.

125 1883 191 1942 Hac
214 1882 355 1958 quoniam
378 1898 477 1956 careo,
500 1889 554 1943 tua
574 1898 656 1942 nunc
678 1881 788 1942 vicinia
809 1888 943 1960 praestet

61 1972 101 2029 80
167 1966 265 2028 Inviso
287 1968 400 2046 possim
421 1972 505 2027 tutus
526 1974 561 2029 ut
583 1985 650 2028 esse
672 1966 752 2027 leco.

362 2253 415 2326 50.
449 2258 500 2324 An
521 2257 716 2329 Tuticanus.

454 2376 512 2427 (un.
526 2378 567 2429 ιν,
580 2374 622 2427 12.)

89 2481 146 2536 Der
154 2479 272 2535 Dichter
283 2477 473 2546 entschuldigt
484 2477 545 2533 sich
557 2478 603 2533 bei
615 2478 722 2533 eeinem
733 2478 860 2534 Freunde
870 2477 1033 2546 Tuticanus,

41 2563 90 2616 der
101 2561 164 2616 eine
176 2555 327 2628 „Puteum
338 2554 490 2624 genennt,
511 2555 576 2610 dese
594 2569 625 2609 er
639 2554 697 2609 ihm
713 2555 786 2611 neeh
798 2556 881 2611 keine
892 2556 1036 2623 poetieehe

40 2636 147 2709 Epistel
164 2633 319 2704 ungesundt
335 2631 415 2696 habe,
436 2631 493 2686 nnd
504 2631 566 2700 gibt
578 2631 619 2686 ele
630 2630 726 2687 Grund
743 2648 788 2698 en,
810 2633 875 2688 dees
887 2631 938 2687 der
949 2633 1035 2690 Nune

41 2715 192 2770 Tuticanus
210 2713 315 2779 (wegen
327 2710 377 2764 dee
389 2708 494 2763 kurzen
511 2707 521 2760 i
539 2708 678 2764 zwiuehen
693 2708 843 2778 2Ldngen)
861 2708 921 2764 sich
933 2711 1035 2766 durch-

41 2807 91 2847 sue
107 2790 183 2845 nicht
200 2791 228 2841 in
246 2788 306 2842 sein
318 2784 511 2856 daktyliechee
523 2785 670 2842 Veremaee
686 2784 760 2854 ittge.
792 2785 832 2840 Zu
844 2787 898 2841 den
909 2785 1035 2842 Freund-

42 2864 378 2931 echeitevereichemngen
411 2862 536 2930 gesellen
567 2861 627 2917 sich
659 2860 797 2917 nutdrlich
831 2864 902 2918 auch
931 2863 1035 2920 wieder

41 2943 149 3013 Klagen
167 2941 224 2996 und
242 2940 346 2994 Bitten.

127 3052 193 3137 Quo
215 3073 313 3132 minus
334 3072 365 3130 in
386 3070 496 3131 nestris
518 3072 649 3148 poneris,
675 3072 782 3147 amice,
807 3069 926 3146 libellis,

167 3158 301 3218 Nominis
324 3157 453 3216 efficitur
476 3155 649 3217 conditione
671 3158 726 3215 tui.

125 3244 179 3306 Ast
202 3260 340 3320 egenen
363 3241 454 3301 alium
476 3241 560 3318 prius
581 3241 641 3301 hoc
664 3241 803 3319 dignarer
823 3240 955 3303 honore:

166 3329 220 3390 Est
242 3327 350 3405 aliquis
370 3332 507 3387 nestrum
528 3327 554 3386 si
575 3327 665 3387 medo
689 3344 812 3388 carmen
833 3327 937 3387 honor.

87 3420 103 3476 5
125 3415 188 3477 Lex
210 3412 296 3493 pedis
319 3413 419 3473 officio
442 3412 623 3489 fortunaque
644 3414 771 3473 nominis
794 3410 905 3484 obstat,

167 3501 296 3577 Quaque
318 3515 402 3558 meos
424 3498 525 3573 adeas,
550 3504 598 3558 est
619 3498 668 3557 via
689 3498 782 3573 nulla,
806 3497 923 3557 modos.

126 3587 203 3648 Nem
224 3585 319 3664 pudet
340 3584 371 3643 in
393 3586 526 3662 geminos
548 3584 591 3643 ite
612 3600 721 3644 nemen
743 3582 858 3644 findere
880 3600 995 3651 versus,
