<?xml version="1.0" encoding="UTF-8"?>
<!DOCTYPE html PUBLIC "-//W3C//DTD XHTML 1.0 Transitional//EN"
    "http://www.w3.org/TR/xhtml1/DTD/xhtml1-transitional.dtd">
<html xmlns="http://www.w3.org/1999/xhtml" xml:lang="en" lang="en">
 <head>
  <title>
</title>
<meta http-equiv="Content-Type" content="text/html;charset=utf-8" />
  <meta name='ocr-system' content='tesseract 3.04.00' />
  <meta name='ocr-capabilities' content='ocr_page ocr_carea ocr_par ocr_line ocrx_word'/>
</head>
<body>
  <div class='ocr_page' id='page_1' title='image "./lateinischedich00bonegoog_0078.png"; bbox 0 0 2660 4224; ppageno 0'>
   <div class='ocr_carea' id='block_1_1' title="bbox 238 272 1080 338">
    <p class='ocr_par' dir='ltr' id='par_1_1' title="bbox 238 272 1080 338">
     <span class='ocr_line' id='line_1_1' title="bbox 238 272 1080 338; baseline -0.006 -9"><span class='ocrx_word' id='word_1_1' title='bbox 238 275 382 329; x_wconf 80' lang='lat' dir='ltr'><strong>Philemon</strong></span> <span class='ocrx_word' id='word_1_2' title='bbox 399 274 456 327; x_wconf 89' lang='lat' dir='ltr'><strong>und</strong></span> <span class='ocrx_word' id='word_1_3' title='bbox 473 273 582 328; x_wconf 73' lang='lat' dir='ltr'><strong>Baucis.</strong></span> <span class='ocrx_word' id='word_1_4' title='bbox 616 272 682 327; x_wconf 84' lang='lat' dir='ltr'><strong>Met.</strong></span> <span class='ocrx_word' id='word_1_5' title='bbox 695 272 772 338; x_wconf 90' lang='lat' dir='ltr'>VIII,</span> <span class='ocrx_word' id='word_1_6' title='bbox 787 276 929 326; x_wconf 72' lang='lat' dir='ltr'><strong>etl-724.</strong></span> <span class='ocrx_word' id='word_1_7' title='bbox 1040 278 1080 338; x_wconf 80' lang='grc'><strong>65</strong></span> 
     </span>
    </p>
   </div>
   <div class='ocr_carea' id='block_1_2' title="bbox 83 448 1082 3515">
    <p class='ocr_par' dir='ltr' id='par_1_2' title="bbox 171 448 929 615">
     <span class='ocr_line' id='line_1_2' title="bbox 172 448 912 529; baseline -0.005 -17"><span class='ocrx_word' id='word_1_8' title='bbox 172 453 324 529; x_wconf 81' lang='lat' dir='ltr'><strong>Fagineus</strong></span> <span class='ocrx_word' id='word_1_9' title='bbox 346 468 440 509; x_wconf 85' lang='lat' dir='ltr'><strong>curva</strong></span> <span class='ocrx_word' id='word_1_10' title='bbox 462 450 549 509; x_wconf 89' lang='lat' dir='ltr'><strong>claro</strong></span> <span class='ocrx_word' id='word_1_11' title='bbox 571 466 737 526; x_wconf 90' lang='lat' dir='ltr'><strong>suspensus</strong></span> <span class='ocrx_word' id='word_1_12' title='bbox 761 448 799 507; x_wconf 93' lang='lat' dir='ltr'><strong>ab</strong></span> <span class='ocrx_word' id='word_1_13' title='bbox 824 468 912 522; x_wconf 82' lang='lat' dir='ltr'><strong>ansa3</strong></span> 
     </span>
     <span class='ocr_line' id='line_1_3' title="bbox 171 534 929 615; baseline -0.004 -18"><span class='ocrx_word' id='word_1_14' title='bbox 171 537 201 597; x_wconf 94' lang='lat' dir='ltr'><strong>Is</strong></span> <span class='ocrx_word' id='word_1_15' title='bbox 223 537 333 615; x_wconf 89' lang='lat' dir='ltr'><strong>tepidis</strong></span> <span class='ocrx_word' id='word_1_16' title='bbox 354 536 485 614; x_wconf 82' lang='lat' dir='ltr'>inpletur</span> <span class='ocrx_word' id='word_1_17' title='bbox 508 535 594 612; x_wconf 90' lang='lat' dir='ltr'><strong>aquis</strong></span> <span class='ocrx_word' id='word_1_18' title='bbox 617 540 760 610; x_wconf 88' lang='lat' dir='ltr'><strong>artusque</strong></span> <span class='ocrx_word' id='word_1_19' title='bbox 782 534 929 594; x_wconf 87' lang='lat' dir='ltr'><strong>fovendos</strong></span> 
     </span>
    </p>

    <p class='ocr_par' dir='ltr' id='par_1_3' title="bbox 83 619 1082 1040">
     <span class='ocr_line' id='line_1_4' title="bbox 83 619 997 701; baseline -0.005 -17"><span class='ocrx_word' id='word_1_20' title='bbox 83 626 147 684; x_wconf 84' lang='lat'><strong>655</strong></span> <span class='ocrx_word' id='word_1_21' title='bbox 172 623 300 701; x_wconf 81' lang='lat' dir='ltr'><strong>Accipit.</strong></span> <span class='ocrx_word' id='word_1_22' title='bbox 343 622 377 681; x_wconf 90' lang='lat' dir='ltr'><strong>ln</strong></span> <span class='ocrx_word' id='word_1_23' title='bbox 398 620 498 680; x_wconf 90' lang='lat' dir='ltr'><strong>medio</strong></span> <span class='ocrx_word' id='word_1_24' title='bbox 520 627 604 679; x_wconf 89' lang='lat' dir='ltr'><strong>torus</strong></span> <span class='ocrx_word' id='word_1_25' title='bbox 627 626 674 678; x_wconf 89' lang='lat' dir='ltr'><strong>est</strong></span> <span class='ocrx_word' id='word_1_26' title='bbox 696 620 734 679; x_wconf 89' lang='lat' dir='ltr'><strong>de</strong></span> <span class='ocrx_word' id='word_1_27' title='bbox 756 619 897 679; x_wconf 90' lang='lat' dir='ltr'><strong>mollibus</strong></span> <span class='ocrx_word' id='word_1_28' title='bbox 919 620 997 680; x_wconf 88' lang='lat' dir='ltr'><strong>ulvis</strong></span> 
     </span>
     <span class='ocr_line' id='line_1_5' title="bbox 173 705 942 787; baseline -0.008 -18"><span class='ocrx_word' id='word_1_29' title='bbox 173 710 323 787; x_wconf 88' lang='lat' dir='ltr'><strong>Inpositus</strong></span> <span class='ocrx_word' id='word_1_30' title='bbox 344 707 435 782; x_wconf 88' lang='lat' dir='ltr'><strong>lecto,</strong></span> <span class='ocrx_word' id='word_1_31' title='bbox 459 706 576 783; x_wconf 90' lang='lat' dir='ltr'><strong>sponda</strong></span> <span class='ocrx_word' id='word_1_32' title='bbox 597 705 788 783; x_wconf 85' lang='lat' dir='ltr'><strong>pedibusque</strong></span> <span class='ocrx_word' id='word_1_33' title='bbox 810 706 942 784; x_wconf 79' lang='lat' dir='ltr'><strong>salignis.</strong></span> 
     </span>
     <span class='ocr_line' id='line_1_6' title="bbox 172 792 1081 869; baseline -0.003 -15"><span class='ocrx_word' id='word_1_34' title='bbox 172 794 313 854; x_wconf 78' lang='lat' dir='ltr'><strong>Vestibus</strong></span> <span class='ocrx_word' id='word_1_35' title='bbox 335 793 416 852; x_wconf 90' lang='lat' dir='ltr'><strong>hunc</strong></span> <span class='ocrx_word' id='word_1_36' title='bbox 439 792 550 865; x_wconf 88' lang='lat' dir='ltr'><strong>velant,</strong></span> <span class='ocrx_word' id='word_1_37' title='bbox 577 810 653 867; x_wconf 88' lang='lat' dir='ltr'><strong>quas</strong></span> <span class='ocrx_word' id='word_1_38' title='bbox 682 809 742 851; x_wconf 90' lang='lat' dir='ltr'><strong>non</strong></span> <span class='ocrx_word' id='word_1_39' title='bbox 764 792 821 851; x_wconf 93' lang='lat' dir='ltr'><strong>nisi</strong></span> <span class='ocrx_word' id='word_1_40' title='bbox 846 798 982 869; x_wconf 89' lang='lat' dir='ltr'><strong>tempore</strong></span> <span class='ocrx_word' id='word_1_41' title='bbox 1004 792 1081 851; x_wconf 87' lang='lat' dir='ltr'><strong>festo</strong></span> 
     </span>
     <span class='ocr_line' id='line_1_7' title="bbox 173 876 1082 955; baseline -0.004 -15"><span class='ocrx_word' id='word_1_42' title='bbox 173 880 314 941; x_wconf 85' lang='lat' dir='ltr'><strong>Sternere</strong></span> <span class='ocrx_word' id='word_1_43' title='bbox 337 883 531 952; x_wconf 87' lang='lat' dir='ltr'><strong>consuerant;</strong></span> <span class='ocrx_word' id='word_1_44' title='bbox 555 876 610 936; x_wconf 90' lang='lat' dir='ltr'><strong>sed</strong></span> <span class='ocrx_word' id='word_1_45' title='bbox 634 877 763 936; x_wconf 87' lang='lat' dir='ltr'><strong>ethaeo</strong></span> <span class='ocrx_word' id='word_1_46' title='bbox 784 876 911 955; x_wconf 83' lang='lat' dir='ltr'><strong>vilisque</strong></span> <span class='ocrx_word' id='word_1_47' title='bbox 934 884 1082 954; x_wconf 82' lang='lat' dir='ltr'><strong>vetusque</strong></span> 
     </span>
     <span class='ocr_line' id='line_1_8' title="bbox 172 962 907 1040; baseline -0.007 -15"><span class='ocrx_word' id='word_1_48' title='bbox 172 967 271 1026; x_wconf 89' lang='lat' dir='ltr'><strong>Vestis</strong></span> <span class='ocrx_word' id='word_1_49' title='bbox 294 971 366 1037; x_wconf 86' lang='lat' dir='ltr'><strong>erat,</strong></span> <span class='ocrx_word' id='word_1_50' title='bbox 390 965 471 1024; x_wconf 89' lang='lat' dir='ltr'><strong>lecto</strong></span> <span class='ocrx_word' id='word_1_51' title='bbox 493 981 554 1022; x_wconf 91' lang='lat' dir='ltr'><strong>non</strong></span> <span class='ocrx_word' id='word_1_52' title='bbox 577 962 761 1038; x_wconf 84' lang='lat' dir='ltr'><strong>indignanda</strong></span> <span class='ocrx_word' id='word_1_53' title='bbox 782 962 907 1040; x_wconf 82' lang='lat' dir='ltr'><strong>saligno.</strong></span> 
     </span>
    </p>

    <p class='ocr_par' dir='ltr' id='par_1_4' title="bbox 84 1047 1081 1456">
     <span class='ocr_line' id='line_1_9' title="bbox 84 1047 1009 1125; baseline -0.005 -12"><span class='ocrx_word' id='word_1_54' title='bbox 84 1057 149 1113; x_wconf 88' lang='grc'><strong>666</strong></span> <span class='ocrx_word' id='word_1_55' title='bbox 172 1052 354 1112; x_wconf 81' lang='lat' dir='ltr'><strong>Accubuere</strong></span> <span class='ocrx_word' id='word_1_56' title='bbox 377 1049 436 1110; x_wconf 92' lang='lat' dir='ltr'><strong>dei.</strong></span> <span class='ocrx_word' id='word_1_57' title='bbox 480 1049 615 1108; x_wconf 89' lang='lat' dir='ltr'><strong>Mensam</strong></span> <span class='ocrx_word' id='word_1_58' title='bbox 636 1047 795 1106; x_wconf 87' lang='lat' dir='ltr'><strong>succincta</strong></span> <span class='ocrx_word' id='word_1_59' title='bbox 815 1053 1009 1125; x_wconf 89' lang='lat' dir='ltr'><strong>tremensque</strong></span> 
     </span>
     <span class='ocr_line' id='line_1_10' title="bbox 172 1134 1006 1211; baseline -0.007 -14"><span class='ocrx_word' id='word_1_60' title='bbox 172 1138 259 1198; x_wconf 90' lang='lat' dir='ltr'><strong>Ponit</strong></span> <span class='ocrx_word' id='word_1_61' title='bbox 282 1155 366 1211; x_wconf 87' lang='lat' dir='ltr'><strong>anns,</strong></span> <span class='ocrx_word' id='word_1_62' title='bbox 390 1152 514 1195; x_wconf 84' lang='lat' dir='ltr'><strong>mensae</strong></span> <span class='ocrx_word' id='word_1_63' title='bbox 537 1134 592 1192; x_wconf 89' lang='lat' dir='ltr'><strong>sed</strong></span> <span class='ocrx_word' id='word_1_64' title='bbox 615 1138 680 1192; x_wconf 91' lang='lat' dir='ltr'><strong>erat</strong></span> <span class='ocrx_word' id='word_1_65' title='bbox 701 1151 757 1210; x_wconf 88' lang='lat' dir='ltr'><strong>pes</strong></span> <span class='ocrx_word' id='word_1_66' title='bbox 779 1134 884 1193; x_wconf 89' lang='lat' dir='ltr'><strong>tertius</strong></span> <span class='ocrx_word' id='word_1_67' title='bbox 906 1135 1006 1211; x_wconf 82' lang='lat' dir='ltr'><strong>inpar:</strong></span> 
     </span>
     <span class='ocr_line' id='line_1_11' title="bbox 172 1219 1081 1300; baseline -0.007 -17"><span class='ocrx_word' id='word_1_68' title='bbox 172 1224 263 1284; x_wconf 88' lang='lat' dir='ltr'><strong>Testa</strong></span> <span class='ocrx_word' id='word_1_69' title='bbox 284 1240 390 1300; x_wconf 88' lang='lat' dir='ltr'><strong>parem</strong></span> <span class='ocrx_word' id='word_1_70' title='bbox 411 1221 492 1281; x_wconf 90' lang='lat' dir='ltr'><strong>fecit.</strong></span> <span class='ocrx_word' id='word_1_71' title='bbox 535 1219 620 1291; x_wconf 83' lang='lat' dir='ltr'><strong>Quae</strong></span> <span class='ocrx_word' id='word_1_72' title='bbox 642 1224 805 1296; x_wconf 88' lang='lat' dir='ltr'><strong>postquam</strong></span> <span class='ocrx_word' id='word_1_73' title='bbox 825 1219 949 1279; x_wconf 89' lang='lat' dir='ltr'><strong>subdita</strong></span> <span class='ocrx_word' id='word_1_74' title='bbox 971 1219 1081 1279; x_wconf 89' lang='lat' dir='ltr'><strong>clivum</strong></span> 
     </span>
     <span class='ocr_line' id='line_1_12' title="bbox 173 1306 936 1385; baseline -0.008 -15"><span class='ocrx_word' id='word_1_75' title='bbox 173 1308 309 1381; x_wconf 88' lang='lat' dir='ltr'><strong>Sustulit,</strong></span> <span class='ocrx_word' id='word_1_76' title='bbox 335 1314 497 1385; x_wconf 85' lang='lat' dir='ltr'><strong>aequatam</strong></span> <span class='ocrx_word' id='word_1_77' title='bbox 518 1311 638 1365; x_wconf 90' lang='lat' dir='ltr'><strong>mentae</strong></span> <span class='ocrx_word' id='word_1_78' title='bbox 660 1311 773 1365; x_wconf 88' lang='lat' dir='ltr'><strong>tersere</strong></span> <span class='ocrx_word' id='word_1_79' title='bbox 796 1306 936 1364; x_wconf 85' lang='lat' dir='ltr'><strong>virentes.</strong></span> 
     </span>
     <span class='ocr_line' id='line_1_13' title="bbox 172 1390 939 1456; baseline -0.005 -2"><span class='ocrx_word' id='word_1_80' title='bbox 172 1395 296 1456; x_wconf 88' lang='lat' dir='ltr'><strong>Ponitur</strong></span> <span class='ocrx_word' id='word_1_81' title='bbox 317 1394 367 1452; x_wconf 94' lang='lat' dir='ltr'><strong>bic</strong></span> <span class='ocrx_word' id='word_1_82' title='bbox 389 1392 505 1452; x_wconf 88' lang='lat' dir='ltr'><strong>bicolor</strong></span> <span class='ocrx_word' id='word_1_83' title='bbox 527 1392 664 1450; x_wconf 87' lang='lat' dir='ltr'><strong>sincerae</strong></span> <span class='ocrx_word' id='word_1_84' title='bbox 687 1390 766 1449; x_wconf 91' lang='lat' dir='ltr'><strong>baca</strong></span> <span class='ocrx_word' id='word_1_85' title='bbox 787 1391 939 1451; x_wconf 86' lang='lat' dir='ltr'><strong>Minervae</strong></span> 
     </span>
    </p>

    <p class='ocr_par' dir='ltr' id='par_1_5' title="bbox 84 1475 984 1727">
     <span class='ocr_line' id='line_1_14' title="bbox 84 1475 984 1557; baseline -0.006 -16"><span class='ocrx_word' id='word_1_86' title='bbox 84 1486 148 1542; x_wconf 82' lang='grc'><strong>665</strong></span> <span class='ocrx_word' id='word_1_87' title='bbox 173 1480 363 1557; x_wconf 86' lang='lat' dir='ltr'><strong>Conditaque</strong></span> <span class='ocrx_word' id='word_1_88' title='bbox 384 1481 416 1538; x_wconf 92' lang='lat' dir='ltr'><strong>in</strong></span> <span class='ocrx_word' id='word_1_89' title='bbox 436 1477 554 1555; x_wconf 91' lang='lat' dir='ltr'><strong>liquida</strong></span> <span class='ocrx_word' id='word_1_90' title='bbox 575 1494 668 1536; x_wconf 88' lang='lat' dir='ltr'><strong>corna</strong></span> <span class='ocrx_word' id='word_1_91' title='bbox 691 1475 878 1536; x_wconf 86' lang='lat' dir='ltr'><strong>autumnalia</strong></span> <span class='ocrx_word' id='word_1_92' title='bbox 899 1477 984 1536; x_wconf 85' lang='lat' dir='ltr'><strong>faece</strong></span> 
     </span>
     <span class='ocr_line' id='line_1_15' title="bbox 171 1561 913 1643; baseline -0.009 -17"><span class='ocrx_word' id='word_1_93' title='bbox 171 1566 341 1643; x_wconf 88' lang='lat' dir='ltr'><strong>lntubaque</strong></span> <span class='ocrx_word' id='word_1_94' title='bbox 365 1571 396 1623; x_wconf 89' lang='lat' dir='ltr'><strong>et</strong></span> <span class='ocrx_word' id='word_1_95' title='bbox 416 1564 503 1622; x_wconf 84' lang='lat' dir='ltr'><strong>radix</strong></span> <span class='ocrx_word' id='word_1_96' title='bbox 526 1568 557 1620; x_wconf 91' lang='lat' dir='ltr'><strong>et</strong></span> <span class='ocrx_word' id='word_1_97' title='bbox 577 1561 667 1620; x_wconf 90' lang='lat' dir='ltr'><strong>lactis</strong></span> <span class='ocrx_word' id='word_1_98' title='bbox 689 1580 791 1619; x_wconf 88' lang='lat' dir='ltr'><strong>massa</strong></span> <span class='ocrx_word' id='word_1_99' title='bbox 813 1562 913 1619; x_wconf 90' lang='lat' dir='ltr'><strong>coacti</strong></span> 
     </span>
     <span class='ocr_line' id='line_1_16' title="bbox 173 1644 877 1727; baseline -0.014 -15"><span class='ocrx_word' id='word_1_100' title='bbox 173 1651 300 1727; x_wconf 85' lang='lat' dir='ltr'><strong>Ovaque</strong></span> <span class='ocrx_word' id='word_1_101' title='bbox 321 1667 383 1707; x_wconf 91' lang='lat' dir='ltr'><strong>uon</strong></span> <span class='ocrx_word' id='word_1_102' title='bbox 407 1649 468 1707; x_wconf 87' lang='lat' dir='ltr'><strong>acri</strong></span> <span class='ocrx_word' id='word_1_103' title='bbox 489 1647 597 1705; x_wconf 90' lang='lat' dir='ltr'><strong>leviter</strong></span> <span class='ocrx_word' id='word_1_104' title='bbox 619 1651 740 1704; x_wconf 81' lang='lat' dir='ltr'><strong>versata</strong></span> <span class='ocrx_word' id='word_1_105' title='bbox 761 1644 877 1704; x_wconf 88' lang='lat' dir='ltr'><strong>favilla:</strong></span> 
     </span>
    </p>

    <p class='ocr_par' dir='ltr' id='par_1_6' title="bbox 174 1729 963 1894">
     <span class='ocr_line' id='line_1_17' title="bbox 174 1729 963 1796; baseline -0.009 -1"><span class='ocrx_word' id='word_1_106' title='bbox 174 1735 282 1796; x_wconf 90' lang='lat' dir='ltr'><strong>Omnia</strong></span> <span class='ocrx_word' id='word_1_107' title='bbox 304 1731 457 1792; x_wconf 87' lang='lat' dir='ltr'><strong>fictilibus.</strong></span> <span class='ocrx_word' id='word_1_108' title='bbox 501 1729 574 1790; x_wconf 89' lang='lat' dir='ltr'><strong>Post</strong></span> <span class='ocrx_word' id='word_1_109' title='bbox 593 1730 673 1788; x_wconf 89' lang='lat' dir='ltr'><strong>haec</strong></span> <span class='ocrx_word' id='word_1_110' title='bbox 696 1729 832 1789; x_wconf 86' lang='lat' dir='ltr'><strong>caelatus</strong></span> <span class='ocrx_word' id='word_1_111' title='bbox 855 1730 963 1790; x_wconf 90' lang='lat' dir='ltr'><strong>eodem</strong></span> 
     </span>
     <span class='ocr_line' id='line_1_18' title="bbox 174 1814 884 1894; baseline -0.006 -15"><span class='ocrx_word' id='word_1_112' title='bbox 174 1819 296 1879; x_wconf 90' lang='lat' dir='ltr'><strong>Sistitur</strong></span> <span class='ocrx_word' id='word_1_113' title='bbox 318 1822 442 1894; x_wconf 84' lang='lat' dir='ltr'><strong>argento</strong></span> <span class='ocrx_word' id='word_1_114' title='bbox 465 1821 564 1875; x_wconf 88' lang='lat' dir='ltr'><strong>crater</strong></span> <span class='ocrx_word' id='word_1_115' title='bbox 585 1814 793 1891; x_wconf 82' lang='lat' dir='ltr'><strong>fabricataque</strong></span> <span class='ocrx_word' id='word_1_116' title='bbox 815 1815 884 1891; x_wconf 81' lang='lat' dir='ltr'><strong>fago</strong></span> 
     </span>
    </p>

    <p class='ocr_par' dir='ltr' id='par_1_7' title="bbox 88 1898 1039 2320">
     <span class='ocr_line' id='line_1_19' title="bbox 88 1898 1002 1979; baseline -0.007 -13"><span class='ocrx_word' id='word_1_117' title='bbox 88 1910 151 1966; x_wconf 84' lang='grc'><strong>676</strong></span> <span class='ocrx_word' id='word_1_118' title='bbox 174 1903 298 1977; x_wconf 91' lang='lat' dir='ltr'><strong>Pocula,</strong></span> <span class='ocrx_word' id='word_1_119' title='bbox 322 1921 385 1979; x_wconf 90' lang='lat' dir='ltr'><strong>qua</strong></span> <span class='ocrx_word' id='word_1_120' title='bbox 407 1919 483 1961; x_wconf 82' lang='lat' dir='ltr'><strong>cara</strong></span> <span class='ocrx_word' id='word_1_121' title='bbox 504 1906 583 1974; x_wconf 87' lang='lat' dir='ltr'><strong>sunt,</strong></span> <span class='ocrx_word' id='word_1_122' title='bbox 606 1899 788 1960; x_wconf 86' lang='lat' dir='ltr'><strong>flaventibus</strong></span> <span class='ocrx_word' id='word_1_123' title='bbox 808 1898 894 1961; x_wconf 89' lang='lat' dir='ltr'><strong>inlita</strong></span> <span class='ocrx_word' id='word_1_124' title='bbox 916 1903 1002 1961; x_wconf 59' lang='lat' dir='ltr'><strong>ceris,</strong></span> 
     </span>
     <span class='ocr_line' id='line_1_20' title="bbox 174 1985 1023 2064; baseline -0.004 -14"><span class='ocrx_word' id='word_1_125' title='bbox 174 1991 271 2050; x_wconf 87' lang='lat' dir='ltr'><strong>Parva</strong></span> <span class='ocrx_word' id='word_1_126' title='bbox 292 2006 377 2047; x_wconf 89' lang='lat' dir='ltr'><strong>mora</strong></span> <span class='ocrx_word' id='word_1_127' title='bbox 399 1994 454 2061; x_wconf 86' lang='lat' dir='ltr'><strong>est,</strong></span> <span class='ocrx_word' id='word_1_128' title='bbox 478 1985 644 2064; x_wconf 86' lang='lat' dir='ltr'><strong>epulasque</strong></span> <span class='ocrx_word' id='word_1_129' title='bbox 667 1986 727 2046; x_wconf 88' lang='lat' dir='ltr'><strong>foci</strong></span> <span class='ocrx_word' id='word_1_130' title='bbox 748 1988 856 2047; x_wconf 87' lang='lat' dir='ltr'><strong>misere</strong></span> <span class='ocrx_word' id='word_1_131' title='bbox 879 1988 1023 2063; x_wconf 87' lang='lat' dir='ltr'><strong>calentes,</strong></span> 
     </span>
     <span class='ocr_line' id='line_1_21' title="bbox 173 2071 952 2151; baseline -0.004 -16"><span class='ocrx_word' id='word_1_132' title='bbox 173 2076 239 2136; x_wconf 92' lang='lat' dir='ltr'><strong>Nec</strong></span> <span class='ocrx_word' id='word_1_133' title='bbox 260 2074 368 2151; x_wconf 84' lang='lat' dir='ltr'><strong>longae</strong></span> <span class='ocrx_word' id='word_1_134' title='bbox 390 2091 493 2133; x_wconf 88' lang='lat' dir='ltr'><strong>rursus</strong></span> <span class='ocrx_word' id='word_1_135' title='bbox 515 2071 687 2131; x_wconf 88' lang='lat' dir='ltr'><strong>reseruntur</strong></span> <span class='ocrx_word' id='word_1_136' title='bbox 708 2073 778 2132; x_wconf 88' lang='lat' dir='ltr'><strong>vina</strong></span> <span class='ocrx_word' id='word_1_137' title='bbox 799 2080 952 2147; x_wconf 87' lang='lat' dir='ltr'><strong>senectae,</strong></span> 
     </span>
     <span class='ocr_line' id='line_1_22' title="bbox 172 2158 1039 2238; baseline -0.007 -16"><span class='ocrx_word' id='word_1_138' title='bbox 172 2162 311 2238; x_wconf 88' lang='lat' dir='ltr'><strong>Dantque</strong></span> <span class='ocrx_word' id='word_1_139' title='bbox 333 2160 436 2220; x_wconf 89' lang='lat' dir='ltr'><strong>locum</strong></span> <span class='ocrx_word' id='word_1_140' title='bbox 457 2159 569 2218; x_wconf 87' lang='lat' dir='ltr'><strong>mensis</strong></span> <span class='ocrx_word' id='word_1_141' title='bbox 590 2158 715 2235; x_wconf 90' lang='lat' dir='ltr'><strong>paulum</strong></span> <span class='ocrx_word' id='word_1_142' title='bbox 737 2158 867 2218; x_wconf 89' lang='lat' dir='ltr'><strong>seducta</strong></span> <span class='ocrx_word' id='word_1_143' title='bbox 888 2159 1039 2218; x_wconf 89' lang='lat' dir='ltr'><strong>secundis.</strong></span> 
     </span>
     <span class='ocr_line' id='line_1_23' title="bbox 171 2243 981 2320; baseline -0.002 -15"><span class='ocrx_word' id='word_1_144' title='bbox 171 2247 228 2305; x_wconf 90' lang='lat' dir='ltr'><strong>Hic</strong></span> <span class='ocrx_word' id='word_1_145' title='bbox 249 2264 322 2320; x_wconf 85' lang='lat' dir='ltr'><strong>unx,</strong></span> <span class='ocrx_word' id='word_1_146' title='bbox 345 2246 395 2304; x_wconf 92' lang='lat' dir='ltr'><strong>bic</strong></span> <span class='ocrx_word' id='word_1_147' title='bbox 416 2245 511 2303; x_wconf 85' lang='lat' dir='ltr'><strong>mixta</strong></span> <span class='ocrx_word' id='word_1_148' title='bbox 534 2250 579 2302; x_wconf 90' lang='lat' dir='ltr'><strong>est</strong></span> <span class='ocrx_word' id='word_1_149' title='bbox 600 2244 718 2319; x_wconf 84' lang='lat' dir='ltr'><strong>rugosis</strong></span> <span class='ocrx_word' id='word_1_150' title='bbox 741 2244 844 2303; x_wconf 88' lang='lat' dir='ltr'><strong>carica</strong></span> <span class='ocrx_word' id='word_1_151' title='bbox 864 2243 981 2320; x_wconf 87' lang='lat' dir='ltr'><strong>palmis,</strong></span> 
     </span>
    </p>

    <p class='ocr_par' dir='ltr' id='par_1_8' title="bbox 88 2328 1034 2493">
     <span class='ocr_line' id='line_1_24' title="bbox 88 2328 1034 2408; baseline -0.007 -15"><span class='ocrx_word' id='word_1_152' title='bbox 88 2337 148 2393; x_wconf 86' lang='grc'><strong>675</strong></span> <span class='ocrx_word' id='word_1_153' title='bbox 173 2333 335 2408; x_wconf 86' lang='lat' dir='ltr'><strong>Prunaque</strong></span> <span class='ocrx_word' id='word_1_154' title='bbox 357 2330 440 2390; x_wconf 90' lang='lat' dir='ltr'><strong>etin</strong></span> <span class='ocrx_word' id='word_1_155' title='bbox 462 2329 573 2406; x_wconf 89' lang='lat' dir='ltr'><strong>patulis</strong></span> <span class='ocrx_word' id='word_1_156' title='bbox 594 2328 763 2388; x_wconf 88' lang='lat' dir='ltr'><strong>redolentia</strong></span> <span class='ocrx_word' id='word_1_157' title='bbox 784 2328 865 2387; x_wconf 89' lang='lat' dir='ltr'><strong>mala</strong></span> <span class='ocrx_word' id='word_1_158' title='bbox 888 2329 1034 2400; x_wconf 85' lang='lat' dir='ltr'><strong>canistris,</strong></span> 
     </span>
     <span class='ocr_line' id='line_1_25' title="bbox 170 2412 866 2493; baseline -0.01 -16"><span class='ocrx_word' id='word_1_159' title='bbox 170 2418 208 2477; x_wconf 90' lang='lat' dir='ltr'><strong>Et</strong></span> <span class='ocrx_word' id='word_1_160' title='bbox 231 2416 270 2475; x_wconf 91' lang='lat' dir='ltr'><strong>de</strong></span> <span class='ocrx_word' id='word_1_161' title='bbox 292 2415 451 2493; x_wconf 88' lang='lat' dir='ltr'><strong>purpureis</strong></span> <span class='ocrx_word' id='word_1_162' title='bbox 474 2413 622 2472; x_wconf 87' lang='lat' dir='ltr'><strong>collectae</strong></span> <span class='ocrx_word' id='word_1_163' title='bbox 645 2412 757 2471; x_wconf 91' lang='lat' dir='ltr'><strong>vitibus</strong></span> <span class='ocrx_word' id='word_1_164' title='bbox 778 2430 866 2471; x_wconf 88' lang='lat' dir='ltr'><strong>uvae.</strong></span> 
     </span>
    </p>

    <p class='ocr_par' dir='ltr' id='par_1_9' title="bbox 172 2494 1082 2745">
     <span class='ocr_line' id='line_1_26' title="bbox 173 2494 1082 2574; baseline -0.004 -13"><span class='ocrx_word' id='word_1_165' title='bbox 173 2500 329 2562; x_wconf 87' lang='lat' dir='ltr'><strong>Candidus</strong></span> <span class='ocrx_word' id='word_1_166' title='bbox 349 2501 381 2558; x_wconf 91' lang='lat' dir='ltr'><strong>in</strong></span> <span class='ocrx_word' id='word_1_167' title='bbox 403 2497 502 2557; x_wconf 89' lang='lat' dir='ltr'><strong>medio</strong></span> <span class='ocrx_word' id='word_1_168' title='bbox 524 2497 611 2557; x_wconf 86' lang='lat' dir='ltr'><strong>favus</strong></span> <span class='ocrx_word' id='word_1_169' title='bbox 634 2503 689 2556; x_wconf 84' lang='lat' dir='ltr'><strong>est.</strong></span> <span class='ocrx_word' id='word_1_170' title='bbox 734 2494 833 2574; x_wconf 90' lang='lat' dir='ltr'><strong>Super</strong></span> <span class='ocrx_word' id='word_1_171' title='bbox 859 2498 960 2556; x_wconf 90' lang='lat' dir='ltr'><strong>omnia</strong></span> <span class='ocrx_word' id='word_1_172' title='bbox 980 2496 1082 2557; x_wconf 87' lang='lat' dir='ltr'><strong>vultus</strong></span> 
     </span>
     <span class='ocr_line' id='line_1_27' title="bbox 172 2581 996 2659; baseline -0.006 -12"><span class='ocrx_word' id='word_1_173' title='bbox 172 2587 342 2648; x_wconf 84' lang='lat' dir='ltr'><strong>Accessere</strong></span> <span class='ocrx_word' id='word_1_174' title='bbox 362 2585 444 2654; x_wconf 91' lang='lat' dir='ltr'><strong>boni,</strong></span> <span class='ocrx_word' id='word_1_175' title='bbox 466 2600 525 2642; x_wconf 89' lang='lat' dir='ltr'><strong>nec</strong></span> <span class='ocrx_word' id='word_1_176' title='bbox 547 2584 627 2641; x_wconf 89' lang='lat' dir='ltr'><strong>iners</strong></span> <span class='ocrx_word' id='word_1_177' title='bbox 648 2600 824 2659; x_wconf 89' lang='lat' dir='ltr'><strong>pauperque</strong></span> <span class='ocrx_word' id='word_1_178' title='bbox 846 2581 996 2644; x_wconf 87' lang='lat' dir='ltr'><strong>voluntas.</strong></span> 
     </span>
     <span class='ocr_line' id='line_1_28' title="bbox 213 2667 922 2745; baseline -0.004 -14"><span class='ocrx_word' id='word_1_179' title='bbox 213 2673 342 2744; x_wconf 88' lang='lat' dir='ltr'><strong>Interea,</strong></span> <span class='ocrx_word' id='word_1_180' title='bbox 366 2670 474 2729; x_wconf 91' lang='lat' dir='ltr'><strong>totiens</strong></span> <span class='ocrx_word' id='word_1_181' title='bbox 496 2668 648 2741; x_wconf 88' lang='lat' dir='ltr'><strong>haustum,</strong></span> <span class='ocrx_word' id='word_1_182' title='bbox 672 2674 792 2727; x_wconf 89' lang='lat' dir='ltr'><strong>cratera</strong></span> <span class='ocrx_word' id='word_1_183' title='bbox 812 2667 922 2745; x_wconf 90' lang='lat' dir='ltr'><strong>repleri</strong></span> 
     </span>
    </p>

    <p class='ocr_par' dir='ltr' id='par_1_10' title="bbox 87 2753 1079 3169">
     <span class='ocr_line' id='line_1_29' title="bbox 87 2753 1010 2836; baseline -0.007 -17"><span class='ocrx_word' id='word_1_184' title='bbox 87 2761 148 2819; x_wconf 87' lang='lat'><strong>680</strong></span> <span class='ocrx_word' id='word_1_185' title='bbox 172 2758 286 2836; x_wconf 92' lang='lat' dir='ltr'><strong>Sponte</strong></span> <span class='ocrx_word' id='word_1_186' title='bbox 308 2774 373 2831; x_wconf 87' lang='lat' dir='ltr'><strong>sua,</strong></span> <span class='ocrx_word' id='word_1_187' title='bbox 397 2773 452 2832; x_wconf 94' lang='lat' dir='ltr'><strong>per</strong></span> <span class='ocrx_word' id='word_1_188' title='bbox 473 2771 567 2831; x_wconf 89' lang='lat' dir='ltr'><strong>seque</strong></span> <span class='ocrx_word' id='word_1_189' title='bbox 589 2753 693 2812; x_wconf 88' lang='lat' dir='ltr'><strong>vident</strong></span> <span class='ocrx_word' id='word_1_190' title='bbox 713 2772 909 2814; x_wconf 88' lang='lat' dir='ltr'><strong>succrescere</strong></span> <span class='ocrx_word' id='word_1_191' title='bbox 931 2756 1010 2815; x_wconf 88' lang='lat' dir='ltr'><strong>rina.</strong></span> 
     </span>
     <span class='ocr_line' id='line_1_30' title="bbox 170 2839 950 2918; baseline -0.006 -14"><span class='ocrx_word' id='word_1_192' title='bbox 170 2843 295 2904; x_wconf 89' lang='lat' dir='ltr'><strong>Attoniti</strong></span> <span class='ocrx_word' id='word_1_193' title='bbox 316 2841 448 2901; x_wconf 74' lang='lat' dir='ltr'><strong>novitate</strong></span> <span class='ocrx_word' id='word_1_194' title='bbox 471 2844 591 2918; x_wconf 90' lang='lat' dir='ltr'><strong>pavent,</strong></span> <span class='ocrx_word' id='word_1_195' title='bbox 615 2839 814 2916; x_wconf 90' lang='lat' dir='ltr'><strong>manibusque</strong></span> <span class='ocrx_word' id='word_1_196' title='bbox 836 2841 950 2918; x_wconf 88' lang='lat' dir='ltr'><strong>supinis</strong></span> 
     </span>
     <span class='ocr_line' id='line_1_31' title="bbox 173 2924 1079 3006; baseline -0.003 -17"><span class='ocrx_word' id='word_1_197' title='bbox 173 2927 352 3006; x_wconf 85' lang='lat' dir='ltr'><strong>Concipiunt</strong></span> <span class='ocrx_word' id='word_1_198' title='bbox 378 2925 549 3002; x_wconf 84' lang='lat' dir='ltr'><strong>Baucisque</strong></span> <span class='ocrx_word' id='word_1_199' title='bbox 576 2943 684 3001; x_wconf 89' lang='lat' dir='ltr'><strong>preces</strong></span> <span class='ocrx_word' id='word_1_200' title='bbox 710 2925 892 3002; x_wconf 89' lang='lat' dir='ltr'><strong>timidusque</strong></span> <span class='ocrx_word' id='word_1_201' title='bbox 914 2924 1079 3000; x_wconf 85' lang='lat' dir='ltr'><strong>Philemon,</strong></span> 
     </span>
     <span class='ocr_line' id='line_1_32' title="bbox 168 3009 970 3089; baseline -0.007 -15"><span class='ocrx_word' id='word_1_202' title='bbox 168 3014 208 3074; x_wconf 71' lang='lat' dir='ltr'><strong>&#39;Et</strong></span> <span class='ocrx_word' id='word_1_203' title='bbox 229 3015 348 3074; x_wconf 85' lang='lat' dir='ltr'><strong>veniam</strong></span> <span class='ocrx_word' id='word_1_204' title='bbox 371 3011 501 3089; x_wconf 90' lang='lat' dir='ltr'><strong>dapibus</strong></span> <span class='ocrx_word' id='word_1_205' title='bbox 522 3009 674 3087; x_wconf 90' lang='lat' dir='ltr'><strong>nullisque</strong></span> <span class='ocrx_word' id='word_1_206' title='bbox 696 3010 852 3087; x_wconf 88' lang='lat' dir='ltr'><strong>paratibus</strong></span> <span class='ocrx_word' id='word_1_207' title='bbox 874 3017 970 3070; x_wconf 91' lang='lat' dir='ltr'><strong>orant.</strong></span> 
     </span>
     <span class='ocr_line' id='line_1_33' title="bbox 170 3094 937 3169; baseline -0.007 -10"><span class='ocrx_word' id='word_1_208' title='bbox 170 3099 283 3159; x_wconf 90' lang='lat' dir='ltr'><strong>Unicus</strong></span> <span class='ocrx_word' id='word_1_209' title='bbox 306 3116 395 3158; x_wconf 89' lang='lat' dir='ltr'><strong>anser</strong></span> <span class='ocrx_word' id='word_1_210' title='bbox 417 3103 490 3169; x_wconf 89' lang='lat' dir='ltr'><strong>erat,</strong></span> <span class='ocrx_word' id='word_1_211' title='bbox 514 3096 654 3155; x_wconf 89' lang='lat' dir='ltr'><strong>minimae</strong></span> <span class='ocrx_word' id='word_1_212' title='bbox 678 3095 817 3155; x_wconf 88' lang='lat' dir='ltr'><strong>custodia</strong></span> <span class='ocrx_word' id='word_1_213' title='bbox 838 3094 937 3168; x_wconf 88' lang='lat' dir='ltr'><strong>villae,</strong></span> 
     </span>
    </p>

    <p class='ocr_par' dir='ltr' id='par_1_11' title="bbox 87 3179 1001 3346">
     <span class='ocr_line' id='line_1_34' title="bbox 87 3179 1001 3259; baseline -0.005 -14"><span class='ocrx_word' id='word_1_214' title='bbox 87 3187 147 3245; x_wconf 87' lang='grc'><strong>685</strong></span> <span class='ocrx_word' id='word_1_215' title='bbox 171 3185 268 3257; x_wconf 86' lang='lat' dir='ltr'><strong>Quem</strong></span> <span class='ocrx_word' id='word_1_216' title='bbox 289 3183 341 3243; x_wconf 88' lang='lat' dir='ltr'><strong>Dis</strong></span> <span class='ocrx_word' id='word_1_217' title='bbox 363 3180 531 3259; x_wconf 89' lang='lat' dir='ltr'><strong>hospitibus</strong></span> <span class='ocrx_word' id='word_1_218' title='bbox 555 3179 666 3239; x_wconf 90' lang='lat' dir='ltr'><strong>domini</strong></span> <span class='ocrx_word' id='word_1_219' title='bbox 687 3186 821 3240; x_wconf 85' lang='lat' dir='ltr'><strong>mactare</strong></span> <span class='ocrx_word' id='word_1_220' title='bbox 844 3179 1001 3256; x_wconf 88' lang='lat' dir='ltr'><strong>parabant.</strong></span> 
     </span>
     <span class='ocr_line' id='line_1_35' title="bbox 169 3264 833 3346; baseline -0.011 -17"><span class='ocrx_word' id='word_1_221' title='bbox 169 3271 223 3330; x_wconf 91' lang='lat' dir='ltr'><strong>lile</strong></span> <span class='ocrx_word' id='word_1_222' title='bbox 248 3269 329 3328; x_wconf 88' lang='lat' dir='ltr'><strong>celer</strong></span> <span class='ocrx_word' id='word_1_223' title='bbox 350 3285 449 3346; x_wconf 90' lang='lat' dir='ltr'><strong>penna</strong></span> <span class='ocrx_word' id='word_1_224' title='bbox 471 3264 575 3325; x_wconf 84' lang='lat' dir='ltr'><strong>tardos</strong></span> <span class='ocrx_word' id='word_1_225' title='bbox 598 3271 697 3325; x_wconf 88' lang='lat' dir='ltr'><strong>aetate</strong></span> <span class='ocrx_word' id='word_1_226' title='bbox 720 3265 833 3340; x_wconf 80' lang='lat' dir='ltr'><strong>fatigat,</strong></span> 
     </span>
    </p>

    <p class='ocr_par' dir='ltr' id='par_1_12' title="bbox 168 3349 965 3515">
     <span class='ocr_line' id='line_1_36' title="bbox 168 3349 965 3430; baseline -0.008 -15"><span class='ocrx_word' id='word_1_227' title='bbox 168 3354 330 3430; x_wconf 88' lang='lat' dir='ltr'><strong>Eluditque</strong></span> <span class='ocrx_word' id='word_1_228' title='bbox 354 3353 414 3427; x_wconf 89' lang='lat' dir='ltr'><strong>diu,</strong></span> <span class='ocrx_word' id='word_1_229' title='bbox 439 3351 623 3427; x_wconf 89' lang='lat' dir='ltr'><strong>tandemque</strong></span> <span class='ocrx_word' id='word_1_230' title='bbox 646 3356 692 3409; x_wconf 91' lang='lat' dir='ltr'><strong>est</strong></span> <span class='ocrx_word' id='word_1_231' title='bbox 714 3351 797 3409; x_wconf 86' lang='lat' dir='ltr'><strong>risus</strong></span> <span class='ocrx_word' id='word_1_232' title='bbox 820 3349 858 3408; x_wconf 92' lang='lat' dir='ltr'><strong>ad</strong></span> <span class='ocrx_word' id='word_1_233' title='bbox 881 3351 965 3426; x_wconf 91' lang='lat' dir='ltr'><strong>ipsos</strong></span> 
     </span>
     <span class='ocr_line' id='line_1_37' title="bbox 171 3433 887 3515; baseline -0.006 -17"><span class='ocrx_word' id='word_1_234' title='bbox 171 3439 347 3515; x_wconf 79' lang='lat' dir='ltr'><strong>Confugisse</strong></span> <span class='ocrx_word' id='word_1_235' title='bbox 371 3437 453 3497; x_wconf 89' lang='lat' dir='ltr'><strong>deos.</strong></span> <span class='ocrx_word' id='word_1_236' title='bbox 498 3433 606 3513; x_wconf 88' lang='lat' dir='ltr'><strong>Superi</strong></span> <span class='ocrx_word' id='word_1_237' title='bbox 626 3440 751 3494; x_wconf 90' lang='lat' dir='ltr'><strong>vetuere</strong></span> <span class='ocrx_word' id='word_1_238' title='bbox 772 3435 887 3494; x_wconf 87' lang='lat' dir='ltr'><strong>necari:</strong></span> 
     </span>
    </p>
   </div>
   <div class='ocr_carea' id='block_1_3' title="bbox 89 3520 986 3687">
    <p class='ocr_par' dir='ltr' id='par_1_13' title="bbox 89 3520 986 3687">
     <span class='ocr_line' id='line_1_38' title="bbox 170 3520 986 3602; baseline -0.006 -18"><span class='ocrx_word' id='word_1_239' title='bbox 170 3525 288 3602; x_wconf 87' lang='lat' dir='ltr'><strong>„Dique</strong></span> <span class='ocrx_word' id='word_1_240' title='bbox 311 3542 423 3595; x_wconf 89' lang='lat' dir='ltr'><strong>sumus,</strong></span> <span class='ocrx_word' id='word_1_241' title='bbox 447 3523 630 3598; x_wconf 88' lang='lat' dir='ltr'><strong>meritasque</strong></span> <span class='ocrx_word' id='word_1_242' title='bbox 652 3520 717 3580; x_wconf 91' lang='lat' dir='ltr'><strong>luet</strong></span> <span class='ocrx_word' id='word_1_243' title='bbox 738 3520 849 3580; x_wconf 85' lang='lat' dir='ltr'><strong>vicinia</strong></span> <span class='ocrx_word' id='word_1_244' title='bbox 870 3537 986 3598; x_wconf 87' lang='lat' dir='ltr'><strong>poenas</strong></span> 
     </span>
     <span class='ocr_line' id='line_1_39' title="bbox 89 3605 935 3687; baseline -0.006 -16"><span class='ocrx_word' id='word_1_245' title='bbox 89 3614 148 3671; x_wconf 87' lang='grc'><strong>696</strong></span> <span class='ocrx_word' id='word_1_246' title='bbox 173 3610 299 3687; x_wconf 85' lang='lat' dir='ltr'><strong>Impia“,</strong></span> <span class='ocrx_word' id='word_1_247' title='bbox 323 3607 477 3669; x_wconf 62' lang='lat' dir='ltr'><strong>dixerunt,</strong></span> <span class='ocrx_word' id='word_1_248' title='bbox 517 3605 629 3681; x_wconf 90' lang='lat' dir='ltr'><strong>„Vobis</strong></span> <span class='ocrx_word' id='word_1_249' title='bbox 651 3605 824 3665; x_wconf 90' lang='lat' dir='ltr'><strong>inmunibus</strong></span> <span class='ocrx_word' id='word_1_250' title='bbox 844 3605 935 3667; x_wconf 90' lang='lat' dir='ltr'><strong>huius</strong></span> 
     </span>
    </p>
   </div>
   <div class='ocr_carea' id='block_1_4' title="bbox 135 3721 307 3771">
    <p class='ocr_par' dir='ltr' id='par_1_14' title="bbox 135 3721 307 3771">
     <span class='ocr_line' id='line_1_40' title="bbox 135 3721 307 3771; baseline -0.006 -8"><span class='ocrx_word' id='word_1_251' title='bbox 135 3725 225 3771; x_wconf 83' lang='lat' dir='ltr'><strong>Bone,</strong></span> <span class='ocrx_word' id='word_1_252' title='bbox 240 3721 307 3764; x_wconf 80' lang='lat' dir='ltr'><strong>ovid.</strong></span> 
     </span>
    </p>
   </div>
   <div class='ocr_carea' id='block_1_5' title="bbox 912 3726 994 3803">
    <p class='ocr_par' dir='ltr' id='par_1_15' title="bbox 912 3726 994 3803">
     <span class='ocr_line' id='line_1_41' title="bbox 912 3726 994 3803; baseline 0 -74"><span class='ocrx_word' id='word_1_253' title='bbox 912 3726 994 3803; x_wconf 60' lang='lat'><strong>5„</strong></span> 
     </span>
    </p>
   </div>
   <div class='ocr_carea' id='block_1_6' title="bbox 0 0 1334 4224">
    <p class='ocr_par' dir='ltr' id='par_1_16' title="bbox 0 0 1334 4224">
     <span class='ocr_line' id='line_1_42' title="bbox 0 0 1334 4224; baseline 0 0"><span class='ocrx_word' id='word_1_254' title='bbox 0 0 1334 4224; x_wconf 95' lang='lat' dir='ltr'><strong> </strong></span> 
     </span>
    </p>
   </div>
  </div>
 </body>
</html>
