2660 4228
247 283 307 343 14ss
661 278 815 331 Sentenaen

268 456 307 512 46
332 453 398 525 Quo
420 452 541 512 fortuna
562 453 658 529 magis
680 452 784 525 saevit,
807 450 902 527 magis
923 449 988 528 ipse
1011 451 1130 524 resiste,

374 537 474 615 thue
497 539 595 613 decet,
618 555 657 597 ne
678 543 708 597 te
731 535 919 609 vicentina,
944 553 1029 594 cave.

268 628 307 682 47
334 624 400 696 Quo
422 625 552 700 quisque
576 629 621 682 est
642 624 747 693 maior,
770 622 866 699 magis
889 627 935 680 est
956 620 1117 698 placabilis
1139 621 1211 695 irae,

374 709 411 767 Et
433 709 540 768 faciles
561 715 661 769 motus
683 726 767 768 mens
790 725 937 785 generosa
960 708 1050 783 capit.

270 797 310 854 48
333 794 477 853 Rusticus
500 794 672 871 agricolam,
695 793 781 853 miles
803 794 867 853 fera
888 791 970 852 bella
992 797 1156 869 gerentem,

374 879 536 940 Rectorem
559 878 669 940 dubiae
691 881 794 939 navita
814 880 924 957 puppis
947 884 1036 937 amat.

272 969 310 1024 49
335 963 433 1045 Saepe
457 984 565 1027 canem
586 965 675 1043 longe
697 967 793 1025 visum
815 965 890 1042 fugit
913 982 990 1042 agna
1011 962 1179 1041 lupumque

377 1050 489 1126 Credit,
513 1057 543 1111 et
564 1053 630 1129 ipsa
652 1069 739 1111 suam
759 1052 865 1111 nescia
885 1051 960 1109 vitat
982 1067 1079 1127 opem.

272 1141 311 1196 50
334 1134 464 1196 Saucius
487 1138 583 1197 eiurat
604 1156 735 1215 pugnarn
758 1136 914 1214 gladiator,
939 1141 969 1195 et
990 1135 1071 1194 idem

376 1221 524 1282 Inmemor
546 1223 660 1300 antiqui
680 1222 813 1282 vulneris
836 1239 919 1281 arma
941 1221 1031 1298 capit.

273 1310 309 1366 51
335 1304 459 1366 Scilicet
481 1313 526 1366 est
549 1308 677 1385 cupidus
699 1308 865 1368 studiorum
888 1308 1016 1384 quisque
1038 1323 1171 1380 suorum,

376 1391 507 1470 Tempus
530 1398 560 1452 et
583 1400 703 1453 assueta
725 1412 836 1471 ponere
859 1394 889 1452 in
912 1397 975 1451 arte
996 1392 1090 1451 iuvat.

273 1480 311 1535 52
336 1475 461 1537 Scilicet
482 1478 607 1555 ingeniis
630 1478 732 1555 aliqua
755 1485 800 1539 est
823 1477 985 1537 concordia
1006 1477 1127 1552 iunctis,

376 1562 414 1622 Et
434 1570 534 1623 servat
556 1563 647 1623 studii
668 1563 793 1623 foedera
813 1566 942 1641 quisque
964 1564 1019 1623 sui.
1303 1562 1309 1625 i

272 1653 311 1710 53
334 1647 366 1709 Si
387 1667 528 1710 numeres
551 1668 629 1709 anno
652 1650 732 1709 soles
755 1656 785 1710 et
805 1649 909 1709 nubila
930 1655 1004 1724 toto,

375 1734 512 1794 invenies
533 1735 662 1794 nitidum
683 1736 804 1813 saepius
827 1754 894 1795 esse
917 1734 1005 1794 diem.

273 1822 311 1877 54
335 1817 375 1894 Si,
399 1822 518 1896 quoties
539 1827 671 1898 peccant
692 1822 836 1893 homines,
860 1838 917 1880 sua
937 1820 1062 1880 fulmina
1084 1821 1183 1879 mittat

375 1905 516 1983 Iuppiter,
540 1907 648 1982 exiguo
670 1912 805 1984 tempore
827 1907 947 1965 inermis
971 1907 1035 1965 erit.

273 1993 311 2048 55
334 1989 480 2067 Tempore
496 1992 591 2049 crevit
606 2009 697 2066 amor,
715 1993 767 2069 qui
780 2010 861 2051 nunc
877 1997 923 2051 est
937 2010 1080 2066 summus,
1097 1992 1237 2065 habendi,

375 2073 431 2134 Vix
454 2075 541 2150 ultra,
565 2094 625 2153 quo
647 2078 707 2136 iam
729 2077 946 2155 progrediatur,
968 2076 1070 2137 habet.

272 2163 311 2218 56
334 2159 487 2238 Temporis
511 2180 558 2220 ars
580 2161 731 2222 medicina
747 2163 809 2222 fere
833 2168 888 2222 est.
924 2161 1003 2222 Data
1017 2169 1155 2241 tempore
1169 2182 1237 2243 pro-

375 2245 412 2304 Et
435 2246 507 2305 data
527 2265 587 2306 non
611 2254 680 2325 apto
702 2254 837 2326 ternpore
860 2249 929 2308 vina
950 2255 1071 2308 nocent.
1151 2246 1236 2329 [sunt

272 2335 310 2389 57
334 2331 432 2408 Turpe
454 2333 564 2393 referre
586 2334 697 2410 pedem
718 2352 776 2393 nec
798 2352 890 2412 passu
912 2339 992 2393 stare
1014 2336 1127 2409 tenaci,

375 2417 474 2495 Turpe
495 2418 683 2478 laborantem
705 2419 875 2479 deseruisse
897 2425 1001 2479 ratem.

272 2504 311 2560 58
334 2502 432 2580 Turpe
454 2505 540 2580 sequi
563 2522 676 2579 casum,
699 2505 836 2565 fortunae
859 2505 969 2565 cedere
993 2505 1134 2580 amicum,

373 2587 411 2646 Et
431 2589 489 2647 nisi
510 2591 549 2649 sit
570 2589 650 2665 felix,
676 2609 741 2650 esse
763 2610 873 2668 negare
896 2610 993 2650 suum.

268 2674 309 2756 Ι59
333 2672 483 2733 Utendum
506 2681 552 2733 est
574 2680 689 2748 aetate;
714 2677 774 2735 cito
796 2677 875 2754 pede
896 2676 1008 2736 labitur
1030 2683 1126 2754 aetas,

374 2757 438 2818 Nec
461 2758 541 2819 bona
562 2765 624 2819 tam
646 2762 789 2837 sequitur,
814 2780 905 2838 quam
927 2762 1008 2821 bona
1029 2763 1128 2840 prima
1150 2763 1215 2823 fuit.

270 2847 308 2903 60
330 2842 408 2903 Vilia
429 2845 480 2921 qui
502 2845 655 2921 quondam
676 2848 792 2906 miseris
815 2847 956 2906 alimenta
975 2854 1111 2925 negarat,

374 2929 462 2990 Nunc
484 2930 657 2991 mendicato
679 2934 814 3009 pasoitur
836 2934 899 3011 ipse
923 2932 1001 2992 cibo.
