2660 4224
398 290 550 345 Phaethon.
585 291 651 347 Met.
663 291 701 357 11,
717 294 824 346 1-328.
1067 299 1108 361 25

200 466 285 538 Quae
307 473 468 544 postquam
489 467 609 545 Tethys,
633 468 763 527 latorum
784 469 888 546 ignara
909 473 1036 548 nepotis,

198 551 349 629 Reppulit,
373 558 405 612 et
425 552 507 612 iacta
529 560 575 613 est
596 555 723 613 inmensi
746 557 834 633 copia
855 555 972 615 mundi:

201 636 378 715 Corripuere
400 639 488 713 viam,
511 639 700 717 pedibusque
724 659 778 717 per
801 645 872 701 adra
893 643 982 701 motis

200 722 362 783 Obstantes
384 723 501 784 findunt
521 724 651 784 nebulas
672 728 839 804 pennisque
860 726 952 787 levati

117 811 177 867 160
200 808 395 869 Praetereunt
416 816 498 869 ortos
518 811 615 870 isdem
637 811 676 870 de
697 811 834 889 partibus
851 811 955 872 Euros.

200 892 261 954 Sed
282 894 350 955 leve
373 896 491 973 pondus
514 903 587 969 erat,
609 914 667 956 nec
688 898 769 974 quod
787 915 971 979 cognoscere
986 905 1109 977 possent

201 977 277 1040 Solis
300 981 379 1058 equi,
403 981 552 1059 solitaque
574 983 676 1061 iugum
699 983 845 1059 gravitate
868 984 1002 1058 carebat,

199 1065 297 1143 thue
319 1066 425 1127 labant
447 1085 558 1127 curvae
579 1069 658 1127 iusto
681 1069 746 1128 sine
768 1067 902 1146 pondere
923 1087 1017 1129 naves

198 1151 314 1229 Perque
336 1170 418 1212 mare
441 1153 596 1213 instabiles
617 1154 709 1212 nimia
730 1153 852 1215 levitate
874 1155 1018 1230 feruntur,

117 1240 175 1295 165
200 1234 250 1296 Sic
273 1255 364 1297 onere
387 1238 514 1298 adsueto
536 1257 652 1299 vacuus
675 1239 779 1300 datin
801 1244 870 1300 aire
893 1240 989 1301 saltus

199 1320 434 1402 Succutiturquc
458 1325 518 1384 alte
540 1324 705 1402 similisque
727 1331 772 1386 est
795 1344 901 1386 currus
922 1328 1012 1387 inani.

199 1408 287 1480 Quod
309 1410 436 1470 simulac
458 1429 587 1487 sensere,
611 1418 702 1471 ruunt
723 1413 886 1489 tritumque
908 1412 1080 1490 relinquunt

199 1493 373 1573 Quadriiugi
394 1498 533 1573 spatium,
556 1515 623 1572 nec,
648 1515 707 1574 quo
730 1498 821 1574 prius,
844 1496 948 1556 ordine
975 1505 1107 1558 currunt.

197 1579 265 1657 lpse
287 1586 393 1657 pavet,
416 1599 475 1641 nee
498 1600 559 1659 qua
581 1583 757 1641 commissas
778 1581 883 1640 flectat
903 1581 1049 1656 habenas,

115 1669 176 1723 170
199 1664 263 1724 Nec
286 1666 352 1738 scit,
376 1684 438 1742 qua
459 1667 497 1724 sit
518 1668 584 1738 iter,
606 1683 674 1739 nec,
697 1667 723 1725 si
745 1666 830 1734 sciat,
857 1667 983 1743 imperet
1004 1667 1071 1727 illis.

200 1749 277 1807 Tum
298 1750 427 1824 primum
448 1749 541 1809 radiis
563 1748 652 1827 gelidi
676 1750 796 1810 caluere
818 1749 940 1811 Triones

201 1831 238 1891 Et
259 1834 352 1892 vetito
373 1834 483 1893 frustra
505 1840 688 1912 temptarunt
711 1854 841 1913 aequore
863 1838 965 1916 tingui.

81 1922 84 1925 '
202 1917 348 1995 Quaeque
369 1917 440 1996 polo
461 1921 560 1997 posita
582 1926 627 1980 est
648 1921 768 1998 glaciali
789 1923 925 1999 proxima
947 1920 1084 2004 Serpens,

201 2002 321 2080 Frigore
343 2005 427 2082 pigra
448 2006 530 2083 prius
551 2024 609 2066 nec
632 2007 827 2068 formidabilis
850 2007 912 2083 ulli,

120 2091 176 2147 175
199 2087 327 2149 Incaluit
348 2092 535 2169 sumpsitque
556 2110 651 2152 novas
673 2094 840 2154 fervoribus
863 2096 933 2154 iras.

198 2173 239 2234 Te
262 2193 383 2253 quoque
405 2177 559 2237 turbatum
580 2186 748 2238 memorant
769 2180 889 2258 fugisse,
913 2179 1016 2257 Boote,

198 2259 341 2334 Quamvis
361 2262 467 2322 tardus
490 2280 558 2323 eras
580 2270 610 2324 et
631 2270 662 2324 te
684 2271 738 2324 tua
759 2263 895 2341 plaustra
915 2265 1068 2325 tenebant.

240 2345 279 2405 Ut
300 2365 372 2406 vero
395 2366 511 2407 summo
535 2349 674 2426 despexit
697 2349 735 2408 ab
759 2350 880 2409 aethere
902 2357 999 2410 terras

198 2431 304 2491 Infelix
326 2431 490 2506 Phaethon,
514 2435 633 2509 penitus
654 2436 835 2510 penitusque
857 2436 1006 2494 iacentes:

116 2516 176 2575 180
199 2515 309 2576 Palluit
332 2522 363 2576 et
384 2517 483 2577 subito
506 2536 604 2594 genua
624 2520 804 2579 intremuere
826 2519 940 2595 timore,

200 2600 337 2679 Suntque
359 2602 456 2662 oculis
478 2603 621 2663 tenebrae
643 2622 699 2682 per
719 2610 835 2664 tantum
857 2604 958 2665 lumen
973 2607 1106 2667 obortae.

198 2687 317 2747 Etiam
338 2687 441 2748 mallet
464 2707 558 2765 equos
579 2707 744 2767 numquam
766 2692 898 2770 tetigisse
920 2698 1074 2769 patemos;

197 2773 261 2832 lam
283 2791 429 2852 cognosse
451 2793 545 2852 genus
567 2776 648 2854 piget
671 2784 700 2836 et
721 2777 852 2837 valuisse
874 2779 1017 2857 rogand03

197 2859 261 2918 lam
282 2858 412 2938 Meropis
435 2859 495 2920 diei
517 2862 654 2937 cupiens,
676 2861 720 2920 ita
741 2861 843 2939 fertur,
868 2868 901 2920 ut
924 2869 995 2921 acta

116 2944 176 3002 185
199 2944 360 3022 Praecipiti
381 2946 469 3024 pinus
491 2945 592 3022 borea,
618 2948 667 3007 cui
688 2949 770 3008 ricta
791 2949 905 3008 remisit

198 3029 296 3090 Frena
317 3050 391 3091 suus
413 3037 521 3106 rector,
546 3051 637 3110 quam
659 3032 705 3092 dis
727 3034 865 3110 votisque
887 3033 1016 3111 reliquit.

199 3115 278 3187 Quid
298 3115 411 3176 saciati
432 3118 559 3177 multum
582 3117 659 3176 caeli
680 3124 749 3196 post
769 3124 854 3196 terga
875 3119 1022 3196 relictum,

199 3199 276 3260 Ante
299 3202 404 3262 oculos
425 3201 493 3279 plus
516 3208 576 3277 est;
601 3204 698 3262 animo
720 3205 841 3264 metitur
862 3210 1032 3282 utrumque,

199 3284 236 3344 Et
257 3286 356 3363 modo,
380 3306 456 3365 quos
478 3286 521 3346 illi
542 3287 637 3347 fatum
660 3289 833 3365 contingere
855 3307 916 3348 non
939 3297 992 3366 est,

117 3372 177 3429 190
199 3370 345 3448 Prospicit
367 3391 505 3447 occasus,
528 3371 679 3432 interdum
700 3375 822 3451 respicit
844 3380 936 3435 ortus.

200 3456 340 3534 Quidque
362 3463 440 3534 agat,
464 3460 585 3536 ignarus
607 3464 717 3536 stupet,
741 3465 771 3519 et
792 3477 850 3518 neo
872 3461 957 3520 frena
974 3463 1105 3537 remittit,

199 3540 263 3601 Nee
285 3543 413 3603 retinere
435 3544 525 3619 valet,
547 3562 605 3605 nec
627 3546 748 3604 nomina
769 3547 852 3605 novit
874 3565 1027 3624 equorum.

171 3685 174 3691 ,
198 3623 310 3704 Sparsa
332 3647 452 3706 quoque
473 3631 503 3688 in
525 3632 607 3690 vario
630 3633 741 3709 passim
762 3632 909 3693 miracula
932 3633 1017 3693 caelo
