2660 4228
243 336 303 400 132
467 332 526 387 Das
543 332 638 388 beben
656 331 685 384 in
702 331 793 386 Tomi.
828 329 914 385 Trist
926 330 962 392 V,
977 331 1002 382 t.

368 505 508 568 Candida
528 508 667 565 fortunae
688 525 758 584 pars
779 510 883 564 manet
903 521 966 564 una
985 523 1085 564 meae.

284 595 302 651 5
325 591 458 666 Scilicet,
485 599 519 651 ut
540 610 668 670 semper,
692 591 765 668 quid
788 609 884 667 agam,
908 591 1073 663 carissime,
1097 593 1235 668 quaeris.
1311 630 1312 633 =

368 679 511 751 Quamvis
532 677 592 736 hoc
614 677 663 736 vel
684 695 733 736 me
754 677 832 736 seire
854 682 976 735 tacente
997 683 1097 754 potes.

325 762 399 824 Sum
414 765 517 822 miser:
542 762 620 822 haec
642 762 744 822 brevis
762 768 807 821 est
821 768 992 822 nostrornm
1005 781 1127 822 summa
1142 762 1238 821 malo-

368 849 510 926 Qnisquis
533 854 563 908 et
584 849 700 907 offenso
724 845 855 907 Caesare
877 848 967 921 rivet,
991 848 1055 907 erit.
1142 843 1235 926 [rum;
1311 850 1312 907 l

325 934 427 995 Turba
447 934 623 994 Tomitanae
644 952 724 1010 quae
746 934 785 992 sit
805 933 943 1009 regionis,
967 938 997 991 et
1017 934 1098 992 inter

265 1024 302 1079 10
369 1021 451 1093 Quos
472 1019 608 1079 habitem
629 1038 737 1094 mores,
761 1019 879 1078 discere
901 1036 977 1077 cura
996 1018 1052 1076 tibi
1075 1025 1132 1078 est
1311 1034 1312 1045 ¹

324 1106 418 1165 Mixta
439 1108 478 1166 sit
498 1105 578 1164 haec
600 1106 737 1182 quamvis
757 1105 835 1163 inter
856 1102 1051 1181 Graecosque
1070 1103 1235 1183 Getasque,

367 1191 394 1250 A
414 1191 494 1250 male
516 1192 634 1268 pacatis
655 1191 725 1268 plus
745 1188 837 1248 trahit
859 1207 913 1248 ora
935 1187 1026 1248 Getis.
1311 1200 1312 1219 ³

326 1275 512 1336 Sarmaticae
534 1277 629 1335 maior
651 1275 836 1352 Geticaeque
857 1275 1028 1351 frequentia
1049 1277 1147 1351 gentis

367 1360 425 1420 Per
445 1361 563 1420 medias
583 1363 614 1418 in
637 1361 723 1437 equis
743 1361 827 1437 itque
848 1359 988 1436 reditque
1008 1360 1084 1420 rias.

266 1450 302 1504 15
325 1447 358 1505 ln
380 1446 491 1523 quibus
513 1451 559 1505 est
580 1463 678 1519 nemo,
703 1447 755 1521 qui
775 1463 836 1503 non
858 1451 983 1522 coryton
1006 1451 1036 1504 et
1059 1463 1165 1506 arcum

367 1531 500 1609 Telaque
522 1532 644 1608 vipereo
667 1530 768 1590 lurida
788 1530 859 1590 felle
882 1536 975 1608 gerat.

324 1617 391 1677 Vox
411 1618 485 1692 fera,
508 1623 578 1676 trux
599 1616 711 1689 vultus,
733 1617 890 1675 verissima
910 1616 1013 1676 Martis
1034 1617 1149 1694 imago;

367 1703 434 1763 Non
457 1721 553 1775 coma,
576 1720 637 1762 non
658 1701 722 1761 ulla
743 1701 840 1761 barba
861 1707 981 1761 resecta
1001 1720 1109 1776 manu3

325 1788 458 1847 Dextera
478 1805 539 1847 non
561 1789 671 1865 segnis,
696 1788 758 1847 fixo
782 1787 855 1846 dare
876 1786 1004 1847 vulnera
1026 1787 1134 1861 cultro,

263 1875 302 1931 20
369 1873 466 1944 Quem
486 1874 622 1932 vinctum
643 1873 731 1932 lateri
752 1873 900 1933 barbarus
921 1873 1018 1931 omnis
1038 1873 1143 1932 habet.

324 1957 404 2017 Vivit
424 1959 455 2016 in
475 1957 522 2016 his
544 1957 634 2032 Naso,
658 1965 831 2017 tenerorum
852 1957 936 2017 lusor
958 1957 1109 2018 amorum!

369 2042 430 2102 Hos
452 2043 543 2118 ridet,
567 2043 623 2102 hos
644 2048 731 2102 rates
754 2043 847 2117 audit,
871 2043 977 2118 amice,
1001 2042 1100 2103 tuusl

325 2126 424 2205 Atque
446 2129 563 2187 utinam
582 2129 665 2188 vivat
684 2146 746 2187 non
768 2135 799 2188 et
819 2129 964 2187 moriatur
984 2130 1015 2186 in
1037 2128 1106 2203 illis,

367 2213 454 2272 Absit
477 2213 514 2272 ab
537 2214 641 2272 invisis
663 2219 694 2273 et
714 2220 817 2273 tamen
838 2214 947 2273 umbra
967 2213 1059 2274 locisl

262 2300 301 2356 25
327 2297 467 2358 Carmina
488 2299 570 2376 quod
592 2298 682 2376 pleno
705 2298 808 2359 saltari
827 2306 932 2359 nostra
951 2300 1079 2374 theatro,

366 2383 510 2444 Versibus
532 2390 563 2444 et
583 2384 689 2462 plaudi
710 2385 825 2459 acribia,
851 2386 957 2458 amice,
981 2385 1071 2445 meis:

324 2467 373 2528 Nil
397 2471 537 2548 equidem
559 2470 619 2530 feci
641 2502 664 2514 -
686 2476 721 2529 tu
743 2471 804 2529 scis
826 2470 885 2530 hoc
907 2472 973 2548 ipse
995 2502 1018 2512 -
1041 2471 1177 2545 theatris,

366 2554 453 2615 Musa
473 2574 532 2615 neo
553 2557 584 2614 in
605 2555 731 2633 plausus
753 2555 912 2615 ambitiosa
933 2574 1002 2615 mea
1025 2563 1079 2616 est.

324 2639 392 2699 Non
410 2647 510 2699 tamen
531 2641 681 2717 ingratum
703 2646 758 2716 est,
782 2641 997 2718 quodcumque
1013 2642 1126 2702 oblivia
1140 2644 1233 2703 nostri
1311 2692 1312 2727 ,

262 2727 301 2784 30
366 2724 484 2802 lnpedit
507 2731 537 2784 et
558 2726 674 2803 profugi
695 2744 805 2785 nomen
827 2728 857 2785 in
879 2745 933 2785 ora
954 2726 1053 2786 refert.

325 2811 468 2882 Quamvis
489 2810 648 2885 interdum,
672 2830 751 2888 quae
772 2830 821 2870 me
843 2811 968 2871 laesisse
990 2813 1145 2888 recordor,

368 2894 509 2955 Carmina
531 2897 667 2956 devoveo
689 2896 884 2974 Pieridasque
905 2915 1005 2957 meas:

325 2980 402 3042 Cum
423 2982 501 3041 bene
525 2982 642 3054 devovi,
665 3000 784 3060 nequeo
806 2988 908 3042 tamen
930 3000 997 3041 esse
1020 2983 1085 3042 sine
1107 2983 1176 3060 illis,

365 3066 606 3145 vulneribusque
629 3069 703 3127 meis
725 3067 787 3128 tela
810 3073 936 3126 cruenta
958 3085 1083 3145 sequor;

261 3154 300 3211 35
324 3153 469 3231 Quaeque
491 3153 583 3212 modo
597 3152 739 3212 Euboicis
753 3152 889 3213 lacerata
904 3158 950 3212 est
965 3152 1120 3229 fluctibus,
1142 3155 1230 3216 audet

367 3238 456 3298 Graia
479 3236 667 3317 Capheream
690 3256 809 3298 currere
831 3239 940 3316 puppis
963 3258 1083 3316 aquam.

323 3324 388 3383 Nec
409 3332 519 3400 tamen,
544 3330 577 3384 ut
598 3324 713 3400 lauder,
738 3324 826 3401 vigilo
851 3342 1016 3401 curamque
1038 3325 1131 3385 futuri

365 3409 507 3483 Neminie,
531 3409 634 3468 utilius
656 3410 738 3486 quod
760 3409 906 3484 latuisset,
931 3428 998 3486 ago.

322 3492 448 3554 Detineo
471 3494 579 3554 studiis
602 3496 734 3553 animum
754 3494 888 3571 falloque
911 3494 1040 3571 dolores,

261 3583 299 3637 40
364 3579 510 3658 Experior
532 3581 612 3640 curis
635 3586 665 3640 et
688 3580 760 3638 dare
782 3580 876 3639 verba
897 3581 982 3640 meis.

323 3663 402 3735 Quid
424 3666 525 3742 potius
546 3665 657 3724 faciam
680 3663 806 3724 desertis
827 3664 911 3725 solus
932 3665 963 3723 in
986 3684 1052 3736 ons,
