2660 4228
324 289 464 359 Wirlrung
484 291 535 345 der
552 290 621 346 Zeit.
657 288 745 346 Trist.
759 289 810 353 IV,
824 292 847 342 o.
1029 291 1088 355 123

365 475 421 546 42.
451 476 621 564 Wirlrnng
642 477 704 545 der
725 477 810 546 usit.

502 598 579 650 (Trist.
594 598 634 651 iv,
648 596 679 648 B.)

138 700 237 770 „Alles
260 701 361 755 tindert
383 698 443 755 sich
466 700 518 754 mit
534 701 584 754 der
601 699 671 763 Zeit,
692 715 744 755 nur
761 699 834 755 mein
852 701 923 756 Leid
940 699 1032 765 nicbt;
1057 717 1088 756 es

83 779 157 832 wird
176 777 310 832 vielmebr
326 779 423 831 immet
434 781 547 845 grdsser
562 777 650 831 durch
668 777 714 832 die
726 778 820 846 Lbnge
838 779 890 833 der
901 777 1004 842 Bauer,
1024 779 1087 833 weil

83 853 130 909 ioh
155 855 229 908 mein
252 854 344 908 Elend
367 854 423 908 und
446 854 556 908 melnen
579 854 694 909 Verlust
721 854 817 907 immer
840 854 918 909 mehr
940 853 1086 918 liberaebe,

84 931 144 985 und
162 929 226 985 weil
247 930 338 1002 moine
356 928 456 994 Kraft,
484 945 514 985 ea
538 946 574 984 nu
596 934 702 998 tragon,
724 929 822 984 immor
839 930 916 984 mehr
938 931 1084 999 abnimmt;

86 1005 177 1062 daber
193 1007 285 1062 moine
303 1007 412 1075 einzigo
430 1006 574 1075 Hoffnung
590 1005 642 1060 der
659 1006 771 1075 baldige
788 1006 877 1060 Tod.‘⁴

171 1127 323 1227 Tempore
346 1148 498 1208 ruricolae
520 1148 639 1226 patiens
662 1148 696 1207 fit
717 1153 823 1208 taurus
847 1149 946 1223 aratri,

213 1233 345 1294 Praebet
369 1239 399 1293 et
421 1233 547 1293 incurvo
571 1233 650 1294 colle
671 1231 839 1311 premenda
860 1235 940 1312 iugo.

171 1319 319 1397 Tempore
341 1325 429 1397 paret
453 1337 550 1398 equus
571 1319 662 1379 lentis
685 1319 838 1379 animosus
860 1319 997 1394 habenis,

214 1405 252 1464 Et
286 1404 410 1483 placido
435 1405 529 1466 duros
553 1405 665 1483 accipit
688 1422 739 1464 ore
763 1405 862 1483 lupos.

130 1493 147 1548 5
171 1490 318 1569 Tempore
341 1490 511 1552 Poenorum
534 1491 738 1569 compescitur
759 1491 804 1549 ira
826 1490 957 1565 leonum,

214 1576 281 1636 Nec
303 1577 407 1636 feritas
430 1577 538 1650 animo,
562 1593 642 1652 quae
665 1576 721 1634 luit
744 1580 823 1649 ante,
847 1583 959 1634 manet.

173 1661 321 1737 Quaeque
344 1662 391 1720 sui
413 1662 503 1719 iussis
526 1659 717 1737 obtemperet
737 1657 813 1718 Inda
833 1661 967 1736 magistri

215 1745 322 1819 belua,
345 1746 500 1804 servitium
522 1751 658 1822 tempore
680 1745 762 1803 victe
784 1744 874 1804 subit.

174 1829 316 1907 Tempus,
339 1835 373 1889 ut
396 1830 526 1889 extentis
547 1835 673 1903 tumeat,
695 1829 778 1904 facit,
801 1848 862 1889 ure
883 1833 1021 1907 racemis,

115 1920 152 1973 10
217 1914 335 1993 Vixque
357 1933 474 1975 merum
496 1916 618 1994 capiant
641 1933 743 1991 grana,
767 1915 849 1993 quod
867 1916 948 1977 intus
962 1918 1084 1978 habent.

175 1998 305 2078 Tempus
328 2006 358 2061 et
380 2002 411 2060 in
434 2019 528 2061 canas
550 2019 654 2061 semen
676 2002 818 2080 producit
840 2003 957 2076 aristes,

217 2085 255 2145 Et
275 2104 313 2146 ne
336 2087 396 2146 sint
417 2088 494 2146 tristi
516 2105 607 2166 poma
628 2105 746 2165 sapore,
770 2087 852 2147 facit.

175 2170 240 2230 Hoc
262 2177 368 2232 tenuat
390 2172 513 2233 dentem
534 2180 646 2233 terrem
668 2173 835 2232 scindentis
858 2173 959 2246 aratri,

216 2256 281 2316 Hoc
304 2258 415 2334 rigidos
437 2258 548 2332 silices,
570 2259 631 2317 hoc
654 2259 818 2317 adamanta
839 2258 918 2316 terit.

115 2344 151 2399 15
175 2340 241 2401 Hoc
265 2343 355 2402 etiam
378 2361 487 2402 saevas
508 2342 655 2419 paulatim
676 2343 795 2418 mitigat
816 2342 885 2415 iras,

216 2426 282 2487 Hoc
304 2429 411 2486 minuit
432 2427 535 2487 luctus
556 2434 736 2503 maestaque
760 2425 854 2486 corde
874 2423 966 2485 levat.

176 2509 296 2573 Cuncta
317 2518 418 2591 potest
440 2512 529 2589 igitur
550 2513 644 2571 tacito
666 2511 746 2589 pede
767 2509 855 2587 lapsa
876 2516 1012 2571 vetustas

215 2597 433 2676 Praeterquam
456 2615 546 2657 curas
570 2603 727 2657 attenuare
749 2614 843 2656 meas.

172 2681 212 2744 Ut
233 2685 333 2761 patria
356 2701 457 2758 careo,
481 2682 527 2743 bis
549 2682 685 2760 frugibus
708 2700 780 2741 area
800 2681 871 2741 trita
893 2688 948 2758 est,

109 2770 150 2827 20
216 2768 352 2829 Dissiluit
373 2769 456 2829 nudo
479 2787 586 2846 pressa
607 2768 655 2828 bis
677 2786 738 2827 ura
759 2768 852 2846 pede:

172 2853 237 2914 Nec
260 2855 399 2932 quaesita
420 2860 521 2914 tamen
543 2855 641 2932 spatio
663 2855 810 2931 patientia
832 2853 921 2931 longo
945 2860 1000 2929 est,

213 2940 358 3018 Mensque
380 2940 452 2999 mali
474 2958 597 2999 sensum
618 2946 722 2998 nostra
743 2940 875 2998 recentis
896 2938 999 2998 habet.

171 3020 297 3086 Scilicet
319 3033 349 3086 et
370 3031 490 3085 veteres
512 3025 629 3101 fugiunt
651 3026 722 3100 iuga
742 3042 835 3102 saepe
857 3025 987 3097 iuvenci,

212 3109 250 3170 Et
274 3110 405 3171 domitus
428 3110 512 3170 lreno
534 3128 628 3188 saepe
650 3115 799 3187 repugnat
821 3126 927 3187 equus.

108 3197 149 3255 25
171 3194 296 3255 Tristior
318 3203 365 3256 est
388 3197 479 3256 etiam
500 3212 647 3273 praesens
669 3212 813 3254 aerumna
835 3194 950 3272 priore:

213 3280 252 3341 Ut
274 3282 312 3340 sit
335 3282 415 3341 enim
437 3280 494 3340 sibi
516 3299 580 3358 par,
605 3281 700 3339 crevit
723 3286 753 3340 et
776 3286 868 3339 aucta
889 3297 974 3339 mora
996 3286 1051 3340 est.

169 3365 235 3428 Nec
250 3372 314 3426 tam
335 3373 408 3426 nota
429 3366 509 3440 mihi,
526 3384 619 3442 quam
633 3372 712 3440 sunt,
735 3365 817 3425 mela
833 3370 937 3424 nostra
951 3365 1082 3437 fuerunt,

214 3449 276 3511 Sed
299 3453 394 3528 magis
415 3451 484 3526 hoc,
508 3469 569 3529 quo
591 3457 662 3510 sunt
685 3452 860 3528 cognitiora,
883 3456 1019 3526 gravant.

169 3534 223 3596 Est
245 3555 367 3614 quoque
389 3555 449 3596 non
471 3537 635 3611 minimum,
657 3536 737 3596 vires
761 3536 879 3596 adferre
901 3542 1050 3601 recentes.

108 3625 147 3681 30
214 3620 279 3682 Neo
301 3629 587 3701 praeconsumptum
609 3622 753 3699 temporis
777 3639 843 3681 esse
866 3619 962 3679 melis.
