2660 4224
290 285 341 340 Ino
358 285 414 340 und
431 283 576 340 Athamas.
610 284 675 339 Met.
688 284 736 349 IV,
749 286 893 340 432-542.
1045 289 1086 353 43

174 462 335 540 Tisiphone
359 479 460 535 canos,
484 466 519 521 ut
541 467 605 522 erat
627 461 757 538 turbata,
784 462 910 540 capillos

85 550 149 608 475
173 549 267 608 Movit
289 553 320 607 et
342 547 498 607 obstantes
519 548 624 607 reiecit
648 547 685 607 ab
709 566 760 607 ore
784 548 936 622 colubras,

173 633 273 710 Atque
288 634 342 693 ita:
368 632 456 707 „Non
476 632 573 710 longis
588 651 664 711 opus
680 640 725 693 est
742 634 950 712 ambagibus“,
974 636 1085 712 inquit3

175 719 292 794 „Facta
313 724 396 796 puta,
422 737 633 796 quaecumque
649 718 752 794 iubes3
776 720 938 781 inamabile
961 739 1087 798 regnum

173 804 294 880 Desere,
318 810 410 882 teque
432 805 510 864 refer
524 804 611 865 caeli
632 804 764 867 melioris
788 807 826 866 ad
850 807 971 866 auras.“

173 890 269 951 Laeta
290 892 369 950 redit
390 888 479 964 Iuno;
505 909 596 968 quam
619 891 739 951 caelum
760 893 871 952 intrare
893 898 1051 972 parantem

84 981 148 1038 480
174 976 293 1038 Roratis
315 976 455 1036 lustravit
478 977 563 1053 aquis
585 975 802 1037 Thaumantias
822 977 885 1037 Itis.

421 1127 445 1177 2.
471 1124 540 1180 Der
556 1123 756 1180 Wahnsinn.

503 1218 535 1270 (v.
549 1216 671 1270 snt-om.)

172 1298 242 1380 Nec
264 1336 363 1393 mora;
387 1318 546 1397 Tisiphone
569 1318 773 1379 madefactam
794 1319 940 1396 sanguine
962 1320 1053 1382 sumit

172 1406 336 1485 Inportuna
357 1406 464 1482 facem,
488 1405 644 1483 fluidoque
667 1423 776 1464 cruore
799 1405 958 1465 rubentem

173 1492 311 1552 Induitur
332 1491 454 1569 pallam,
477 1497 618 1568 tortoque
640 1491 802 1566 incingitur
825 1508 931 1567 angue,

172 1576 391 1656 Egrediturque
414 1576 513 1636 domo.
558 1576 673 1636 Luctus
697 1576 857 1634 comitatur
881 1582 1009 1652 euntem,

84 1667 148 1725 485
172 1661 210 1722 Et
232 1662 329 1721 Pavor
353 1666 382 1719 et
403 1661 510 1720 Terror
532 1658 718 1737 trepidoque·
733 1658 854 1718 Insania
874 1659 970 1720 vultu.

173 1746 288 1805 Limine
312 1746 500 1819 constiterat;
524 1749 628 1822 postes
649 1745 808 1804 tremuisse
830 1745 967 1806 feruntur

175 1828 280 1903 Aeolii,
304 1827 462 1906 pallorque
484 1829 565 1890 fores
586 1829 690 1889 iniecit
713 1848 847 1906 asemas,

176 1913 289 1992 Solque
312 1913 414 1973 locum
435 1913 520 1992 fugit.
565 1915 704 1976 Monstris
728 1917 870 1977 exterrita
892 1918 1032 1995 coniunx,

175 2000 306 2059 Territus
330 2006 376 2060 est
397 1998 549 2076 Athamas,
574 2007 717 2079 tectoque
741 2003 822 2063 exire
845 2003 1008 2080 parabant:

87 2089 150 2145 490
174 2085 296 2146 Obstitit
317 2085 420 2145 infelix
444 2086 618 2165 aditumque
641 2087 762 2148 obsedit
783 2086 898 2166 Erinys,

172 2172 319 2249 Nexaque
341 2172 469 2249 vipereis
492 2172 666 2232 distendens
688 2173 834 2234 bracchia
855 2174 943 2234 nodis

173 2255 348 2318 Caesariem
372 2259 520 2332 excussit3
545 2265 646 2318 motae
669 2276 798 2318 sonuere
822 2259 976 2335 colubrae,

170 2342 304 2419 Parsque
326 2343 427 2402 iacent
449 2344 569 2416 umeris,
601 2361 671 2420 pars
697 2346 811 2403 circum
833 2349 959 2420 pectora
981 2343 1085 2422 lapsae

172 2426 268 2488 Sibila
290 2427 364 2486 daut
385 2429 561 2503 saniemque
580 2432 705 2486 vomunt
726 2427 889 2504 linguaque
913 2436 1083 2489 coruscant.

86 2518 147 2574 405
171 2513 244 2572 Inde
268 2511 345 2572 duos
367 2511 474 2571 mediis
498 2511 649 2588 abrumpit
672 2512 805 2571 crinibus
829 2530 952 2590 angues,

171 2597 381 2675 Pestiferaque
403 2615 495 2658 manu
516 2602 619 2675 raptos
641 2598 761 2657 inmisit.
805 2596 843 2658 At
865 2598 907 2658 illi

171 2685 321 2761 Inoosque
343 2683 427 2742 sinus
447 2681 725 2761 Athamanteosque
747 2691 912 2763 pererrant,

171 2771 382 2848 inspirantque
407 2787 513 2845 graves
537 2769 665 2844 animam
689 2788 748 2829 nec
770 2771 897 2831 vulnera
918 2772 1061 2832 membris

170 2855 240 2916 Ulla
260 2856 374 2915 ferunt:
400 2872 485 2914 mens
508 2860 562 2928 est,
588 2873 666 2932 quae
689 2855 771 2915 diros
793 2858 904 2916 sentiat
925 2858 1014 2917 ictus.

87 2947 147 3003 500
170 2940 322 3001 Attulerat
343 2958 449 3000 secum
471 2940 577 3017 liquidi
600 2959 722 3018 quoque
745 2948 879 3002 monstra
900 2944 1016 3019 veneni,

172 3025 239 3087 Oris
262 3024 405 3085 Cerberei
426 3044 550 3103 spumas
573 3032 603 3085 et
624 3028 707 3086 virus
728 3026 892 3100 Echidnae,

170 3111 355 3189 Erroresque
378 3129 480 3187 vagos,
506 3129 681 3188 caecaeque
705 3111 817 3173 oblivia
837 3113 954 3186 mentis,

170 3198 208 3259 Et
229 3197 330 3257 scelus
353 3203 384 3256 et
405 3196 547 3256 lacrimas
569 3195 745 3274 rabiemque
768 3203 798 3257 et
813 3197 918 3257 caedis
941 3217 1080 3270 amorem,

171 3283 279 3344 Omnia
299 3284 370 3342 trita
392 3280 495 3355 simul;
521 3299 609 3358 quae,
633 3283 778 3358 sanguine
800 3284 895 3342 mixta
916 3286 1039 3360 recenti,

89 3373 147 3429 505
173 3367 305 3428 Coxerat
328 3386 397 3427 aere
422 3385 506 3442 cavo,
530 3366 618 3425 viridi
639 3374 760 3427 versata
783 3370 894 3427 cicuta.

170 3454 309 3531 Dumque
332 3459 444 3530 pavent
465 3452 517 3526 illi,
540 3453 630 3512 vertit
651 3452 758 3513 furiale
780 3471 929 3513 venenum

171 3539 283 3599 Pectus
304 3539 335 3597 in
358 3537 522 3614 amborum,
546 3538 787 3617 praecordiaque
808 3540 912 3600 intima
934 3543 1032 3602 movit.

171 3625 247 3685 Tum
268 3624 336 3684 face
358 3624 473 3684 iactata
494 3643 549 3702 per
572 3625 702 3685 eundem
724 3626 846 3704 saepius
868 3626 971 3686 orbem
