2660 4224
263 242 303 303 76
555 238 653 292 blidas
687 236 751 290 Met.
763 235 813 301 XI,
827 236 954 288 85-103.

284 417 322 471 00
346 413 385 472 At
407 412 526 474 Silenus
549 413 648 488 abest3
672 412 852 471 titubantem
875 411 1019 486 annisque
1041 427 1191 488 meroque

346 499 507 559 Rurioolae
531 516 639 575 cepere
661 498 794 574 Phryges
815 499 1008 573 vinctumque
1033 498 1153 555 coronis

347 584 394 643 Ad
416 603 519 660 regem
541 583 656 643 duxere
678 583 788 655 Midan,
814 585 863 642 cui
884 582 1029 641 Thracius
1051 580 1195 659 Orpheus

347 669 438 746 Orgia
458 669 624 729 tradiderat
647 687 716 728 cum
739 666 886 747 Cecropio
907 666 1064 743 Eumolpo.

348 756 405 826 Qui
426 754 515 814 simul
538 755 680 832 adgnovit
701 755 817 814 socium
839 754 1039 829 comitemque
1061 771 1236 828 sacrorum,

285 841 323 898 95
346 839 478 918 Hospitis
501 840 633 901 adventu
654 840 764 900 festum
787 839 942 916 genialiter
964 839 1025 915 egit

347 925 404 985 Per
425 926 472 986 bis
495 927 627 1003 quinque
651 926 716 986 dies
738 931 769 984 et
789 927 908 984 iunctas
930 923 1035 984 ordine
1056 930 1174 984 noctes.

347 1010 466 1070 Etiam
488 1010 644 1071 stellarum
665 1010 793 1072 sublime
816 1015 959 1088 coegerat
981 1027 1088 1086 agmen

348 1096 468 1156 Lucifer
490 1098 676 1173 undecimus,
700 1096 801 1174 Lydos
824 1115 894 1155 cum
914 1094 1014 1155 laetus
1035 1096 1066 1154 in
1089 1113 1181 1171 agros

349 1181 416 1240 Rex
437 1183 529 1256 venit,
554 1190 584 1241 et
604 1184 706 1242 iuveni
728 1180 863 1241 Silenum
885 1180 985 1240 reddit
1007 1180 1139 1239 alumno.

267 1269 324 1324 100
339 1266 425 1328 ,Ηο10
448 1266 525 1327 deus
547 1268 671 1344 optandi
693 1273 818 1344 gratum,
843 1267 898 1326 sed
919 1265 1033 1339 inutile,
1056 1267 1131 1325 fecit

348 1352 479 1411 Muneris
502 1352 665 1425 arbitrium,
690 1351 826 1428 gaudens
850 1352 944 1412 altore
966 1357 1099 1427 recepto.

348 1437 410 1512 llle,
435 1437 513 1497 male
535 1456 646 1496 usurus
668 1436 763 1512 donis
789 1439 843 1497 ait:
868 1436 993 1511 „Effice
1017 1436 1166 1514 quidquid

350 1521 483 1600 Corpore
506 1524 668 1601 contigero,
692 1523 807 1582 fulvum
829 1529 963 1582 vertatur
983 1523 1014 1580 in
1037 1523 1178 1581 aurum.“

348 1607 462 1667 Adnuit
483 1610 602 1685 optatis,
625 1609 825 1685 nocituraque
847 1626 973 1667 munera
995 1607 1084 1667 solvit

268 1695 325 1751 105
349 1693 438 1753 Liber
461 1700 491 1753 et
512 1693 648 1767 indoluit,
672 1694 755 1771 quod
776 1711 836 1753 non
858 1694 982 1753 meliora
1003 1694 1140 1770 petisset.

391 1778 503 1839 Laetus
526 1779 589 1839 abit
611 1779 784 1856 gaudetque
805 1779 885 1838 malo
907 1777 1104 1856 Berecyntius
1125 1778 1229 1854 heros,

349 1863 538 1940 Pollicitique
561 1864 654 1922 fidem
675 1865 827 1941 tangendo
850 1863 968 1940 singula
988 1869 1125 1940 temptat.

349 1947 466 2025 Vixque
488 1948 545 2007 sibi
569 1949 705 2022 eredens,
728 1967 789 2008 non
812 1949 873 2010 alta
894 1950 1000 2008 fronde
1021 1950 1172 2008 virentem
1315 2006 1316 2009 ,

348 2031 420 2092 11100
444 2034 573 2093 detraxit
595 2035 720 2110 virgam:
744 2036 829 2112 virga
851 2052 943 2094 aurea
965 2035 1048 2094 facta
1070 2040 1125 2093 est.

269 2119 327 2176 110
350 2117 441 2177 Tollit
461 2117 552 2178 humo
575 2138 696 2178 saxum:
721 2138 829 2179 saxum
852 2138 972 2196 qnoque
994 2119 1102 2197 palluit
1124 2138 1215 2179 auro.
1315 2152 1316 2155 ¹

352 2201 484 2280 Contigit
506 2210 537 2263 et
559 2203 709 2281 glaebam:
736 2211 879 2264 contactu
901 2204 1011 2281 glaeba
1031 2207 1150 2281 potenti

349 2288 451 2349 Massa
472 2289 515 2348 lit.
559 2288 686 2350 Arentes
710 2288 828 2349 Cereris
851 2290 1003 2368 decerpsit
1025 2291 1148 2351 aristas:

350 2373 450 2434 Aurea
471 2376 578 2435 messis
601 2382 674 2434 erat.
708 2374 869 2454 Demptum
883 2382 968 2435 tenet
991 2375 1097 2435 arbore
1119 2394 1260 2454 pomum:
1315 2410 1316 2415 κ

349 2459 533 2537 Hesperidas
557 2460 686 2521 donasse
708 2468 806 2538 putes.
852 2459 883 2520 Si
904 2461 1042 2537 postibus
1066 2460 1134 2520 altis

268 2546 326 2601 115
349 2543 490 2604 Admovit
512 2545 628 2622 digitos,
652 2553 755 2623 postes
776 2547 895 2606 radiare
917 2546 1066 2605 videntur.

348 2627 402 2689 llle
425 2632 515 2689 etiam
537 2630 658 2708 liquidis
679 2631 797 2708 palmas
819 2631 872 2690 ubi
893 2630 1010 2691 laverat
1031 2631 1128 2707 undis,

350 2712 439 2773 Unda
461 2713 559 2774 fluens
580 2715 688 2792 palmis
710 2715 835 2776 Danae'n
858 2715 980 2776 eludere
1003 2723 1116 2794 posset.

348 2798 405 2857 Vix
427 2817 497 2876 spes
518 2800 584 2876 ipse
606 2819 678 2860 suas
701 2803 799 2861 animo
823 2803 913 2879 capit,
937 2820 1031 2862 aurea
1051 2802 1170 2880 lingens

350 2876 467 2943 Omnia.
512 2883 662 2945 Gaudenti
683 2905 811 2961 mensas,
826 2905 956 2964 posuere
977 2888 1112 2961 ministri,

268 2968 327 3027 120
350 2967 528 3030 Exstructas
552 2970 681 3049 dapibus
702 2991 761 3031 nec
783 2978 881 3033 tostae
904 2972 996 3048 frugis
1019 2978 1159 3051 egentes:

348 3053 425 3114 Tum
446 3074 527 3128 vero,
551 3057 615 3116 sive
636 3056 687 3116 ille
711 3077 767 3117 sua
790 3055 929 3117 Cerealia
951 3057 1059 3116 dextra

348 3138 474 3200 Munera
497 3142 672 3218 contigerat,
697 3140 835 3202 Cerealia
857 3142 938 3202 dona
958 3142 1108 3218 rigebant3

349 3221 419 3285 Sive
443 3226 538 3303 dapes
561 3226 650 3287 avido
674 3228 844 3287 convellere
868 3227 958 3287 dente
980 3227 1118 3305 parabat,

349 3309 504 3370 Lammina
524 3310 608 3372 fulva
630 3312 733 3391 dapes,
759 3313 880 3373 admoto
904 3313 1002 3387 dente,
1026 3314 1196 3390 premebat.

267 3396 326 3451 125
348 3395 512 3456 Miscuerat
533 3398 616 3473 puris
639 3403 795 3457 auctorem
816 3399 948 3457 muneris
970 3397 1075 3457 undis:

348 3479 450 3541 Fusile
471 3499 527 3558 per
548 3483 642 3541 rictus
666 3501 772 3541 aurum
793 3481 911 3542 fluitare
934 3483 1062 3543 videres.

389 3564 542 3625 Attonitus
563 3568 696 3626 novitate
718 3568 798 3643 mali,
823 3567 968 3644 divesque
989 3570 1152 3646 miserque,
