<?xml version="1.0" encoding="UTF-8"?>
<!DOCTYPE html PUBLIC "-//W3C//DTD XHTML 1.0 Transitional//EN"
    "http://www.w3.org/TR/xhtml1/DTD/xhtml1-transitional.dtd">
<html xmlns="http://www.w3.org/1999/xhtml" xml:lang="en" lang="en">
 <head>
  <title>
</title>
<meta http-equiv="Content-Type" content="text/html;charset=utf-8" />
  <meta name='ocr-system' content='tesseract 3.04.00' />
  <meta name='ocr-capabilities' content='ocr_page ocr_carea ocr_par ocr_line ocrx_word'/>
</head>
<body>
  <div class='ocr_page' id='page_1' title='image "./lateinischedich00bonegoog_0157.png"; bbox 0 0 2660 4228; ppageno 0'>
   <div class='ocr_carea' id='block_1_1' title="bbox 241 283 819 348">
    <p class='ocr_par' dir='ltr' id='par_1_1' title="bbox 241 283 819 348">
     <span class='ocr_line' id='line_1_1' title="bbox 241 283 819 348; baseline -0.009 -9"><span class='ocrx_word' id='word_1_1' title='bbox 241 288 300 348; x_wconf 78' lang='grc'>144</span> <span class='ocrx_word' id='word_1_2' title='bbox 654 283 819 339; x_wconf 83' lang='lat' dir='ltr'>Sentonuen.</span> 
     </span>
    </p>
   </div>
   <div class='ocr_carea' id='block_1_2' title="bbox 262 456 1310 3695">
    <p class='ocr_par' dir='ltr' id='par_1_2' title="bbox 262 456 1310 3695">
     <span class='ocr_line' id='line_1_2' title="bbox 283 456 1152 537; baseline 0.005 -21"><span class='ocrx_word' id='word_1_3' title='bbox 283 460 300 516; x_wconf 90' lang='lat'>8</span> <span class='ocrx_word' id='word_1_4' title='bbox 324 456 422 519; x_wconf 84' lang='lat' dir='ltr'>Crede</span> <span class='ocrx_word' id='word_1_5' title='bbox 444 458 530 517; x_wconf 90' lang='lat' dir='ltr'>mihi:</span> <span class='ocrx_word' id='word_1_6' title='bbox 555 457 673 517; x_wconf 86' lang='lat' dir='ltr'>miseris</span> <span class='ocrx_word' id='word_1_7' title='bbox 696 457 841 518; x_wconf 89' lang='lat' dir='ltr'>caelestia</span> <span class='ocrx_word' id='word_1_8' title='bbox 862 459 986 517; x_wconf 87' lang='lat' dir='ltr'>numina</span> <span class='ocrx_word' id='word_1_9' title='bbox 1008 467 1152 537; x_wconf 88' lang='lat' dir='ltr'>parcunt,</span> 
     </span>
     <span class='ocr_line' id='line_1_3' title="bbox 365 543 1089 622; baseline 0.001 -19"><span class='ocrx_word' id='word_1_10' title='bbox 365 543 430 604; x_wconf 90' lang='lat' dir='ltr'>Neo</span> <span class='ocrx_word' id='word_1_11' title='bbox 452 562 571 622; x_wconf 77' lang='lat' dir='ltr'>semper</span> <span class='ocrx_word' id='word_1_12' title='bbox 592 543 694 603; x_wconf 87' lang='lat' dir='ltr'>laesos</span> <span class='ocrx_word' id='word_1_13' title='bbox 716 549 747 602; x_wconf 89' lang='lat' dir='ltr'>et</span> <span class='ocrx_word' id='word_1_14' title='bbox 768 544 833 603; x_wconf 90' lang='lat' dir='ltr'>sine</span> <span class='ocrx_word' id='word_1_15' title='bbox 855 543 915 602; x_wconf 89' lang='lat' dir='ltr'>fine</span> <span class='ocrx_word' id='word_1_16' title='bbox 937 551 1089 621; x_wconf 86' lang='lat' dir='ltr'>premunt.</span> 
     </span>
     <span class='ocr_line' id='line_1_4' title="bbox 283 627 1086 707; baseline 0.002 -20"><span class='ocrx_word' id='word_1_17' title='bbox 283 630 300 687; x_wconf 82' lang='grc'>9</span> <span class='ocrx_word' id='word_1_18' title='bbox 325 627 492 690; x_wconf 88' lang='lat' dir='ltr'>Creverunt</span> <span class='ocrx_word' id='word_1_19' title='bbox 514 635 545 689; x_wconf 90' lang='lat' dir='ltr'>et</span> <span class='ocrx_word' id='word_1_20' title='bbox 566 646 640 705; x_wconf 87' lang='lat' dir='ltr'>opes</span> <span class='ocrx_word' id='word_1_21' title='bbox 662 634 693 687; x_wconf 91' lang='lat' dir='ltr'>et</span> <span class='ocrx_word' id='word_1_22' title='bbox 715 646 806 706; x_wconf 92' lang='lat' dir='ltr'>opum</span> <span class='ocrx_word' id='word_1_23' title='bbox 828 629 941 688; x_wconf 86' lang='lat' dir='ltr'>furiosa</span> <span class='ocrx_word' id='word_1_24' title='bbox 963 629 1086 707; x_wconf 90' lang='lat' dir='ltr'>cupido,</span> 
     </span>
     <span class='ocr_line' id='line_1_5' title="bbox 365 713 1117 793; baseline 0.003 -20"><span class='ocrx_word' id='word_1_25' title='bbox 365 714 411 789; x_wconf 86' lang='lat' dir='ltr'>Et,</span> <span class='ocrx_word' id='word_1_26' title='bbox 437 733 506 775; x_wconf 90' lang='lat' dir='ltr'>oum</span> <span class='ocrx_word' id='word_1_27' title='bbox 527 714 704 792; x_wconf 82' lang='lat' dir='ltr'>possideant</span> <span class='ocrx_word' id='word_1_28' title='bbox 724 713 862 791; x_wconf 90' lang='lat' dir='ltr'>plurima,</span> <span class='ocrx_word' id='word_1_29' title='bbox 886 715 975 792; x_wconf 89' lang='lat' dir='ltr'>plura</span> <span class='ocrx_word' id='word_1_30' title='bbox 996 721 1117 793; x_wconf 88' lang='lat' dir='ltr'>petunt.</span> 
     </span>
     <span class='ocr_line' id='line_1_6' title="bbox 265 798 1025 877; baseline 0.001 -19"><span class='ocrx_word' id='word_1_31' title='bbox 265 804 301 859; x_wconf 86' lang='lat'>10</span> <span class='ocrx_word' id='word_1_32' title='bbox 326 798 467 860; x_wconf 89' lang='lat' dir='ltr'>Curando</span> <span class='ocrx_word' id='word_1_33' title='bbox 490 800 556 860; x_wconf 90' lang='lat' dir='ltr'>fieri</span> <span class='ocrx_word' id='word_1_34' title='bbox 578 798 729 877; x_wconf 87' lang='lat' dir='ltr'>quaedam</span> <span class='ocrx_word' id='word_1_35' title='bbox 750 801 867 860; x_wconf 85' lang='lat' dir='ltr'>maiora</span> <span class='ocrx_word' id='word_1_36' title='bbox 886 799 1025 860; x_wconf 82' lang='lat' dir='ltr'>videmus</span> 
     </span>
     <span class='ocr_line' id='line_1_7' title="bbox 366 884 1068 962; baseline 0 -19"><span class='ocrx_word' id='word_1_37' title='bbox 366 884 507 960; x_wconf 88' lang='lat' dir='ltr'>Vulnera,</span> <span class='ocrx_word' id='word_1_38' title='bbox 531 904 611 962; x_wconf 90' lang='lat' dir='ltr'>quae</span> <span class='ocrx_word' id='word_1_39' title='bbox 633 884 741 944; x_wconf 90' lang='lat' dir='ltr'>melius</span> <span class='ocrx_word' id='word_1_40' title='bbox 762 904 824 945; x_wconf 93' lang='lat' dir='ltr'>non</span> <span class='ocrx_word' id='word_1_41' title='bbox 845 885 979 962; x_wconf 89' lang='lat' dir='ltr'>tetigisse</span> <span class='ocrx_word' id='word_1_42' title='bbox 1002 884 1068 944; x_wconf 85' lang='grc'><strong>1111.</strong></span> 
     </span>
     <span class='ocr_line' id='line_1_8' title="bbox 264 968 1241 1049; baseline 0.003 -21"><span class='ocrx_word' id='word_1_43' title='bbox 264 973 299 1028; x_wconf 90' lang='grc'>11</span> <span class='ocrx_word' id='word_1_44' title='bbox 327 968 416 1045; x_wconf 89' lang='lat' dir='ltr'>Cura,</span> <span class='ocrx_word' id='word_1_45' title='bbox 437 971 511 1048; x_wconf 89' lang='lat' dir='ltr'>quid</span> <span class='ocrx_word' id='word_1_46' title='bbox 527 970 680 1049; x_wconf 80' lang='lat' dir='ltr'>expediat,</span> <span class='ocrx_word' id='word_1_47' title='bbox 701 971 784 1048; x_wconf 89' lang='lat' dir='ltr'>prius</span> <span class='ocrx_word' id='word_1_48' title='bbox 804 977 858 1044; x_wconf 92' lang='lat' dir='ltr'>est,</span> <span class='ocrx_word' id='word_1_49' title='bbox 880 989 971 1048; x_wconf 85' lang='lat' dir='ltr'>quam</span> <span class='ocrx_word' id='word_1_50' title='bbox 987 970 1060 1047; x_wconf 90' lang='lat' dir='ltr'>quid</span> <span class='ocrx_word' id='word_1_51' title='bbox 1081 971 1123 1030; x_wconf 89' lang='lat' dir='ltr'>sit</span> <span class='ocrx_word' id='word_1_52' title='bbox 1142 970 1241 1031; x_wconf 90' lang='lat' dir='ltr'>hone-</span> 
     </span>
     <span class='ocr_line' id='line_1_9' title="bbox 366 1052 1310 1135; baseline 0.001 -20"><span class='ocrx_word' id='word_1_53' title='bbox 366 1056 404 1115; x_wconf 92' lang='lat' dir='ltr'>Et</span> <span class='ocrx_word' id='word_1_54' title='bbox 427 1076 496 1117; x_wconf 91' lang='lat' dir='ltr'>cum</span> <span class='ocrx_word' id='word_1_55' title='bbox 517 1057 638 1117; x_wconf 81' lang='lat' dir='ltr'>fortuna</span> <span class='ocrx_word' id='word_1_56' title='bbox 659 1061 780 1134; x_wconf 89' lang='lat' dir='ltr'>statque</span> <span class='ocrx_word' id='word_1_57' title='bbox 803 1056 945 1133; x_wconf 88' lang='lat' dir='ltr'>caditque</span> <span class='ocrx_word' id='word_1_58' title='bbox 967 1055 1055 1115; x_wconf 89' lang='lat' dir='ltr'>fides.</span> <span class='ocrx_word' id='word_1_59' title='bbox 1138 1052 1240 1135; x_wconf 78' lang='lat' dir='ltr'>[stum</span> <span class='ocrx_word' id='word_1_60' title='bbox 1309 1058 1310 1109; x_wconf 85' lang='grc' dir='ltr'>ἶ</span> 
     </span>
     <span class='ocr_line' id='line_1_10' title="bbox 265 1140 1310 1220; baseline 0.001 -21"><span class='ocrx_word' id='word_1_61' title='bbox 265 1144 302 1200; x_wconf 98' lang='grc'>12</span> <span class='ocrx_word' id='word_1_62' title='bbox 324 1141 465 1216; x_wconf 89' lang='lat' dir='ltr'>Discitur,</span> <span class='ocrx_word' id='word_1_63' title='bbox 488 1144 635 1203; x_wconf 85' lang='lat' dir='ltr'>innocuas</span> <span class='ocrx_word' id='word_1_64' title='bbox 656 1146 690 1201; x_wconf 91' lang='lat' dir='ltr'>ut</span> <span class='ocrx_word' id='word_1_65' title='bbox 713 1147 790 1220; x_wconf 88' lang='lat' dir='ltr'>agat,</span> <span class='ocrx_word' id='word_1_66' title='bbox 814 1142 967 1217; x_wconf 85' lang='lat' dir='ltr'>facundia,</span> <span class='ocrx_word' id='word_1_67' title='bbox 993 1159 1121 1201; x_wconf 82' lang='lat' dir='ltr'>causas:</span> <span class='ocrx_word' id='word_1_68' title='bbox 1309 1140 1310 1145; x_wconf 73' lang='grc'>’</span> 
     </span>
     <span class='ocr_line' id='line_1_11' title="bbox 367 1226 1310 1306; baseline -0.001 -20"><span class='ocrx_word' id='word_1_69' title='bbox 367 1226 499 1306; x_wconf 82' lang='lat' dir='ltr'>Protegit</span> <span class='ocrx_word' id='word_1_70' title='bbox 518 1227 598 1287; x_wconf 85' lang='lat' dir='ltr'>haec</span> <span class='ocrx_word' id='word_1_71' title='bbox 619 1233 722 1287; x_wconf 90' lang='lat' dir='ltr'>sontes</span> <span class='ocrx_word' id='word_1_72' title='bbox 743 1228 958 1304; x_wconf 89' lang='lat' dir='ltr'>inmeritosque</span> <span class='ocrx_word' id='word_1_73' title='bbox 980 1228 1098 1305; x_wconf 85' lang='lat' dir='ltr'>premit.</span> <span class='ocrx_word' id='word_1_74' title='bbox 1309 1288 1310 1299; x_wconf 48' lang='lat'>,</span> 
     </span>
     <span class='ocr_line' id='line_1_12' title="bbox 265 1302 1310 1388; baseline 0.002 -18"><span class='ocrx_word' id='word_1_75' title='bbox 265 1314 301 1370; x_wconf 90' lang='grc'>13</span> <span class='ocrx_word' id='word_1_76' title='bbox 325 1311 362 1371; x_wconf 90' lang='lat' dir='ltr'>Di</span> <span class='ocrx_word' id='word_1_77' title='bbox 383 1311 437 1370; x_wconf 89' lang='lat' dir='ltr'>tibi</span> <span class='ocrx_word' id='word_1_78' title='bbox 460 1314 533 1372; x_wconf 91' lang='lat' dir='ltr'>dent</span> <span class='ocrx_word' id='word_1_79' title='bbox 555 1310 666 1372; x_wconf 82' lang='lat' dir='ltr'>annosi</span> <span class='ocrx_word' id='word_1_80' title='bbox 704 1311 782 1372; x_wconf 86' lang='lat' dir='ltr'>Ate</span> <span class='ocrx_word' id='word_1_81' title='bbox 804 1330 875 1375; x_wconf 85' lang='lat' dir='ltr'>nam</span> <span class='ocrx_word' id='word_1_82' title='bbox 897 1318 1001 1372; x_wconf 89' lang='lat' dir='ltr'>cetera</span> <span class='ocrx_word' id='word_1_83' title='bbox 1022 1330 1138 1388; x_wconf 85' lang='lat' dir='ltr'>sumes,</span> <span class='ocrx_word' id='word_1_84' title='bbox 1309 1302 1310 1363; x_wconf 78' lang='lat' dir='ltr'>l</span> 
     </span>
     <span class='ocr_line' id='line_1_13' title="bbox 368 1388 1310 1475; baseline 0 -19"><span class='ocrx_word' id='word_1_85' title='bbox 368 1395 434 1457; x_wconf 87' lang='lat' dir='ltr'>Sint</span> <span class='ocrx_word' id='word_1_86' title='bbox 455 1397 545 1457; x_wconf 92' lang='lat' dir='ltr'>modo</span> <span class='ocrx_word' id='word_1_87' title='bbox 566 1398 669 1457; x_wconf 88' lang='lat' dir='ltr'>virtuti</span> <span class='ocrx_word' id='word_1_88' title='bbox 690 1403 827 1475; x_wconf 88' lang='lat' dir='ltr'>tempora</span> <span class='ocrx_word' id='word_1_89' title='bbox 847 1397 938 1475; x_wconf 89' lang='lat' dir='ltr'>longa</span> <span class='ocrx_word' id='word_1_90' title='bbox 959 1404 1041 1457; x_wconf 88' lang='lat' dir='ltr'>tuae.</span> <span class='ocrx_word' id='word_1_91' title='bbox 1309 1388 1310 1433; x_wconf 67' lang='lat' dir='ltr'>l</span> 
     </span>
     <span class='ocr_line' id='line_1_14' title="bbox 264 1480 1091 1557; baseline 0.005 -18"><span class='ocrx_word' id='word_1_92' title='bbox 264 1485 302 1540; x_wconf 91' lang='grc'>14</span> <span class='ocrx_word' id='word_1_93' title='bbox 325 1480 429 1543; x_wconf 89' lang='lat' dir='ltr'>Donec</span> <span class='ocrx_word' id='word_1_94' title='bbox 452 1484 511 1542; x_wconf 89' lang='lat' dir='ltr'>sris</span> <span class='ocrx_word' id='word_1_95' title='bbox 533 1483 614 1557; x_wconf 85' lang='lat' dir='ltr'>felix,</span> <span class='ocrx_word' id='word_1_96' title='bbox 638 1482 748 1542; x_wconf 91' lang='lat' dir='ltr'>multos</span> <span class='ocrx_word' id='word_1_97' title='bbox 769 1483 944 1543; x_wconf 87' lang='lat' dir='ltr'>numerabis</span> <span class='ocrx_word' id='word_1_98' title='bbox 967 1484 1091 1557; x_wconf 89' lang='lat' dir='ltr'>amicos,</span> 
     </span>
     <span class='ocr_line' id='line_1_15' title="bbox 367 1566 1024 1647; baseline -0.003 -20"><span class='ocrx_word' id='word_1_99' title='bbox 367 1568 515 1647; x_wconf 87' lang='lat' dir='ltr'>Tempora</span> <span class='ocrx_word' id='word_1_100' title='bbox 536 1569 562 1627; x_wconf 90' lang='grc'>11</span> <span class='ocrx_word' id='word_1_101' title='bbox 582 1569 693 1628; x_wconf 80' lang='lat' dir='ltr'>luerint</span> <span class='ocrx_word' id='word_1_102' title='bbox 713 1566 827 1643; x_wconf 87' lang='lat' dir='ltr'>nubila,</span> <span class='ocrx_word' id='word_1_103' title='bbox 850 1568 933 1628; x_wconf 89' lang='lat' dir='ltr'>solus</span> <span class='ocrx_word' id='word_1_104' title='bbox 956 1570 1024 1628; x_wconf 89' lang='lat' dir='ltr'>eris.</span> 
     </span>
     <span class='ocr_line' id='line_1_16' title="bbox 265 1652 1209 1733; baseline -0.001 -21"><span class='ocrx_word' id='word_1_105' title='bbox 265 1656 301 1713; x_wconf 87' lang='lat'>15</span> <span class='ocrx_word' id='word_1_106' title='bbox 324 1653 379 1727; x_wconf 90' lang='lat' dir='ltr'>En,</span> <span class='ocrx_word' id='word_1_107' title='bbox 401 1653 479 1714; x_wconf 89' lang='lat' dir='ltr'>bene</span> <span class='ocrx_word' id='word_1_108' title='bbox 501 1655 545 1714; x_wconf 91' lang='lat' dir='ltr'>uti</span> <span class='ocrx_word' id='word_1_109' title='bbox 566 1673 692 1732; x_wconf 88' lang='lat' dir='ltr'>pugnes,</span> <span class='ocrx_word' id='word_1_110' title='bbox 716 1652 795 1714; x_wconf 88' lang='lat' dir='ltr'>bene</span> <span class='ocrx_word' id='word_1_111' title='bbox 817 1672 956 1733; x_wconf 88' lang='lat' dir='ltr'>pugnans</span> <span class='ocrx_word' id='word_1_112' title='bbox 979 1654 1074 1714; x_wconf 87' lang='lat' dir='ltr'>eflicit</span> <span class='ocrx_word' id='word_1_113' title='bbox 1095 1653 1209 1714; x_wconf 89' lang='lat' dir='ltr'>hostis!</span> 
     </span>
     <span class='ocr_line' id='line_1_17' title="bbox 368 1737 1073 1817; baseline -0.006 -19"><span class='ocrx_word' id='word_1_114' title='bbox 368 1737 419 1798; x_wconf 88' lang='lat' dir='ltr'>Sic</span> <span class='ocrx_word' id='word_1_115' title='bbox 442 1739 549 1799; x_wconf 94' lang='lat' dir='ltr'>eadem</span> <span class='ocrx_word' id='word_1_116' title='bbox 571 1740 695 1817; x_wconf 87' lang='lat' dir='ltr'>prodest</span> <span class='ocrx_word' id='word_1_117' title='bbox 718 1757 813 1805; x_wconf 85' lang='lat' dir='ltr'>causa</span> <span class='ocrx_word' id='word_1_118' title='bbox 833 1745 985 1816; x_wconf 84' lang='lat' dir='ltr'>nocetque</span> <span class='ocrx_word' id='word_1_119' title='bbox 1007 1738 1073 1797; x_wconf 89' lang='lat' dir='ltr'>tibi.</span> 
     </span>
     <span class='ocr_line' id='line_1_18' title="bbox 266 1824 1091 1902; baseline 0.004 -22"><span class='ocrx_word' id='word_1_120' title='bbox 266 1827 302 1884; x_wconf 85' lang='grc'>16</span> <span class='ocrx_word' id='word_1_121' title='bbox 324 1824 362 1883; x_wconf 92' lang='grc' dir='ltr'>Ε1</span> <span class='ocrx_word' id='word_1_122' title='bbox 383 1824 460 1884; x_wconf 85' lang='grc'><strong>11111</strong></span> <span class='ocrx_word' id='word_1_123' title='bbox 483 1831 514 1885; x_wconf 89' lang='grc'>11</span> <span class='ocrx_word' id='word_1_124' title='bbox 537 1833 645 1885; x_wconf 88' lang='lat' dir='ltr'>cautus</span> <span class='ocrx_word' id='word_1_125' title='bbox 667 1826 869 1902; x_wconf 78' lang='lat' dir='ltr'>praecingitur</span> <span class='ocrx_word' id='word_1_126' title='bbox 891 1843 963 1885; x_wconf 89' lang='lat' dir='ltr'>ense</span> <span class='ocrx_word' id='word_1_127' title='bbox 985 1825 1091 1900; x_wconf 87' lang='lat' dir='ltr'>viator,</span> 
     </span>
     <span class='ocr_line' id='line_1_19' title="bbox 367 1908 1049 1988; baseline 0.001 -20"><span class='ocrx_word' id='word_1_128' title='bbox 367 1908 420 1968; x_wconf 92' lang='lat' dir='ltr'>Ille</span> <span class='ocrx_word' id='word_1_129' title='bbox 443 1910 498 1969; x_wconf 89' lang='lat' dir='ltr'>sed</span> <span class='ocrx_word' id='word_1_130' title='bbox 520 1910 654 1983; x_wconf 88' lang='lat' dir='ltr'>insidias,</span> <span class='ocrx_word' id='word_1_131' title='bbox 676 1909 726 1969; x_wconf 87' lang='lat' dir='ltr'>hio</span> <span class='ocrx_word' id='word_1_132' title='bbox 749 1909 806 1971; x_wconf 92' lang='lat' dir='ltr'>sibi</span> <span class='ocrx_word' id='word_1_133' title='bbox 827 1917 928 1988; x_wconf 87' lang='lat' dir='ltr'>portat</span> <span class='ocrx_word' id='word_1_134' title='bbox 950 1928 1049 1988; x_wconf 90' lang='lat' dir='ltr'>opem.</span> 
     </span>
     <span class='ocr_line' id='line_1_20' title="bbox 265 1993 1078 2073; baseline 0.004 -22"><span class='ocrx_word' id='word_1_135' title='bbox 265 1996 301 2052; x_wconf 83' lang='lat'>17</span> <span class='ocrx_word' id='word_1_136' title='bbox 324 1993 445 2054; x_wconf 85' lang='lat' dir='ltr'>Excitat</span> <span class='ocrx_word' id='word_1_137' title='bbox 468 1995 587 2055; x_wconf 86' lang='lat' dir='ltr'>auditor</span> <span class='ocrx_word' id='word_1_138' title='bbox 608 1995 750 2069; x_wconf 90' lang='lat' dir='ltr'>studium,</span> <span class='ocrx_word' id='word_1_139' title='bbox 773 1995 960 2073; x_wconf 86' lang='lat' dir='ltr'>laudataque</span> <span class='ocrx_word' id='word_1_140' title='bbox 982 1996 1078 2055; x_wconf 86' lang='lat' dir='ltr'>virtus</span> 
     </span>
     <span class='ocr_line' id='line_1_21' title="bbox 370 2077 1107 2158; baseline 0.003 -21"><span class='ocrx_word' id='word_1_141' title='bbox 370 2077 495 2153; x_wconf 88' lang='lat' dir='ltr'>Crescit,</span> <span class='ocrx_word' id='word_1_142' title='bbox 520 2086 549 2140; x_wconf 93' lang='grc'>11</span> <span class='ocrx_word' id='word_1_143' title='bbox 570 2081 739 2140; x_wconf 90' lang='lat' dir='ltr'>inmensum</span> <span class='ocrx_word' id='word_1_144' title='bbox 761 2081 855 2158; x_wconf 89' lang='lat' dir='ltr'>gloria</span> <span class='ocrx_word' id='word_1_145' title='bbox 877 2081 981 2140; x_wconf 87' lang='lat' dir='ltr'>calcar</span> <span class='ocrx_word' id='word_1_146' title='bbox 1002 2081 1107 2140; x_wconf 86' lang='lat' dir='ltr'>habet.</span> 
     </span>
     <span class='ocr_line' id='line_1_22' title="bbox 267 2164 1232 2245; baseline 0.004 -23"><span class='ocrx_word' id='word_1_147' title='bbox 267 2166 303 2222; x_wconf 89' lang='lat'>18</span> <span class='ocrx_word' id='word_1_148' title='bbox 325 2164 435 2224; x_wconf 84' lang='lat' dir='ltr'>Forma</span> <span class='ocrx_word' id='word_1_149' title='bbox 449 2165 562 2225; x_wconf 89' lang='lat' dir='ltr'>bonum</span> <span class='ocrx_word' id='word_1_150' title='bbox 576 2165 680 2242; x_wconf 83' lang='lat' dir='ltr'>fragile</span> <span class='ocrx_word' id='word_1_151' title='bbox 696 2172 750 2240; x_wconf 88' lang='lat' dir='ltr'>est,</span> <span class='ocrx_word' id='word_1_152' title='bbox 764 2172 970 2245; x_wconf 89' lang='lat' dir='ltr'>quantumque</span> <span class='ocrx_word' id='word_1_153' title='bbox 987 2166 1108 2226; x_wconf 88' lang='lat' dir='ltr'>accedit</span> <span class='ocrx_word' id='word_1_154' title='bbox 1125 2166 1165 2226; x_wconf 84' lang='lat' dir='ltr'>ad</span> <span class='ocrx_word' id='word_1_155' title='bbox 1182 2187 1232 2227; x_wconf 87' lang='lat' dir='ltr'>au-</span> 
     </span>
     <span class='ocr_line' id='line_1_23' title="bbox 367 2249 1232 2332; baseline 0.001 -22"><span class='ocrx_word' id='word_1_156' title='bbox 367 2250 415 2310; x_wconf 85' lang='lat' dir='ltr'>Fit</span> <span class='ocrx_word' id='word_1_157' title='bbox 437 2253 531 2310; x_wconf 91' lang='lat' dir='ltr'>minor</span> <span class='ocrx_word' id='word_1_158' title='bbox 554 2258 584 2311; x_wconf 91' lang='lat' dir='ltr'>et</span> <span class='ocrx_word' id='word_1_159' title='bbox 606 2252 703 2328; x_wconf 87' lang='lat' dir='ltr'>spatio</span> <span class='ocrx_word' id='word_1_160' title='bbox 727 2253 859 2330; x_wconf 88' lang='lat' dir='ltr'>carpitur</span> <span class='ocrx_word' id='word_1_161' title='bbox 880 2253 947 2329; x_wconf 85' lang='lat' dir='ltr'>ipsa</span> <span class='ocrx_word' id='word_1_162' title='bbox 968 2270 1033 2312; x_wconf 88' lang='lat' dir='ltr'>suo.</span> <span class='ocrx_word' id='word_1_163' title='bbox 1160 2249 1232 2332; x_wconf 69' lang='lat' dir='ltr'>[nos</span> 
     </span>
     <span class='ocr_line' id='line_1_24' title="bbox 265 2335 1145 2415; baseline 0.003 -20"><span class='ocrx_word' id='word_1_164' title='bbox 265 2339 302 2396; x_wconf 82' lang='grc'>19</span> <span class='ocrx_word' id='word_1_165' title='bbox 326 2335 418 2396; x_wconf 88' lang='lat' dir='ltr'>Gutta</span> <span class='ocrx_word' id='word_1_166' title='bbox 440 2343 529 2397; x_wconf 87' lang='lat' dir='ltr'>cavat</span> <span class='ocrx_word' id='word_1_167' title='bbox 550 2336 691 2415; x_wconf 86' lang='lat' dir='ltr'>lapidem,</span> <span class='ocrx_word' id='word_1_168' title='bbox 716 2338 902 2397; x_wconf 88' lang='lat' dir='ltr'>consumitur</span> <span class='ocrx_word' id='word_1_169' title='bbox 924 2337 1053 2398; x_wconf 87' lang='lat' dir='ltr'>annulus</span> <span class='ocrx_word' id='word_1_170' title='bbox 1075 2356 1145 2411; x_wconf 90' lang='lat' dir='ltr'>usu,</span> 
     </span>
     <span class='ocr_line' id='line_1_25' title="bbox 367 2421 1047 2501; baseline -0.001 -20"><span class='ocrx_word' id='word_1_171' title='bbox 367 2421 513 2482; x_wconf 87' lang='lat' dir='ltr'>Atteritur</span> <span class='ocrx_word' id='word_1_172' title='bbox 534 2440 639 2501; x_wconf 90' lang='lat' dir='ltr'>pressa</span> <span class='ocrx_word' id='word_1_173' title='bbox 660 2440 764 2482; x_wconf 89' lang='lat' dir='ltr'>vomer</span> <span class='ocrx_word' id='word_1_174' title='bbox 785 2422 923 2482; x_wconf 88' lang='lat' dir='ltr'>aduncus</span> <span class='ocrx_word' id='word_1_175' title='bbox 945 2422 1047 2482; x_wconf 91' lang='lat' dir='ltr'>humo.</span> 
     </span>
     <span class='ocr_line' id='line_1_26' title="bbox 263 2507 1102 2582; baseline 0.004 -17"><span class='ocrx_word' id='word_1_176' title='bbox 263 2510 302 2568; x_wconf 85' lang='lat'>20</span> <span class='ocrx_word' id='word_1_177' title='bbox 325 2507 406 2567; x_wconf 91' lang='lat' dir='ltr'>Haut</span> <span class='ocrx_word' id='word_1_178' title='bbox 427 2508 515 2568; x_wconf 88' lang='lat' dir='ltr'>facile</span> <span class='ocrx_word' id='word_1_179' title='bbox 537 2508 673 2568; x_wconf 89' lang='lat' dir='ltr'>invenias</span> <span class='ocrx_word' id='word_1_180' title='bbox 694 2507 795 2568; x_wconf 87' lang='lat' dir='ltr'>multis</span> <span class='ocrx_word' id='word_1_181' title='bbox 817 2526 834 2567; x_wconf 88' lang='lat' dir='ltr'>e</span> <span class='ocrx_word' id='word_1_182' title='bbox 856 2507 976 2568; x_wconf 90' lang='lat' dir='ltr'>milibus</span> <span class='ocrx_word' id='word_1_183' title='bbox 998 2526 1102 2582; x_wconf 86' lang='lat' dir='ltr'>unum,</span> 
     </span>
     <span class='ocr_line' id='line_1_27' title="bbox 367 2592 1012 2671; baseline -0.002 -20"><span class='ocrx_word' id='word_1_184' title='bbox 367 2592 513 2653; x_wconf 87' lang='lat' dir='ltr'>Virtutem</span> <span class='ocrx_word' id='word_1_185' title='bbox 535 2594 664 2671; x_wconf 91' lang='lat' dir='ltr'>pretium</span> <span class='ocrx_word' id='word_1_186' title='bbox 685 2593 737 2669; x_wconf 90' lang='lat' dir='ltr'>qui</span> <span class='ocrx_word' id='word_1_187' title='bbox 758 2599 844 2670; x_wconf 91' lang='lat' dir='ltr'>putet</span> <span class='ocrx_word' id='word_1_188' title='bbox 867 2612 934 2653; x_wconf 91' lang='lat' dir='ltr'>esse</span> <span class='ocrx_word' id='word_1_189' title='bbox 956 2594 1012 2653; x_wconf 88' lang='lat' dir='ltr'>sui.</span> 
     </span>
     <span class='ocr_line' id='line_1_28' title="bbox 263 2675 1136 2756; baseline 0.003 -20"><span class='ocrx_word' id='word_1_190' title='bbox 263 2680 300 2737; x_wconf 87' lang='grc'>21</span> <span class='ocrx_word' id='word_1_191' title='bbox 325 2678 395 2755; x_wconf 88' lang='lat' dir='ltr'>Igne</span> <span class='ocrx_word' id='word_1_192' title='bbox 419 2678 491 2756; x_wconf 92' lang='lat' dir='ltr'>quid</span> <span class='ocrx_word' id='word_1_193' title='bbox 513 2678 637 2738; x_wconf 80' lang='grc'><strong>11111111</strong></span> <span class='ocrx_word' id='word_1_194' title='bbox 673 2675 705 2738; x_wconf 90' lang='lat' dir='ltr'>Si</span> <span class='ocrx_word' id='word_1_195' title='bbox 727 2679 793 2756; x_wconf 90' lang='lat' dir='ltr'>quis</span> <span class='ocrx_word' id='word_1_196' title='bbox 815 2685 917 2738; x_wconf 87' lang='lat' dir='ltr'>tamen</span> <span class='ocrx_word' id='word_1_197' title='bbox 939 2697 1027 2737; x_wconf 91' lang='lat' dir='ltr'>urere</span> <span class='ocrx_word' id='word_1_198' title='bbox 1049 2684 1136 2739; x_wconf 84' lang='lat' dir='ltr'>tecta</span> 
     </span>
     <span class='ocr_line' id='line_1_29' title="bbox 369 2760 1068 2842; baseline 0.001 -21"><span class='ocrx_word' id='word_1_199' title='bbox 369 2760 541 2841; x_wconf 86' lang='lat' dir='ltr'>Comparat,</span> <span class='ocrx_word' id='word_1_200' title='bbox 566 2764 701 2823; x_wconf 87' lang='lat' dir='ltr'>audaces</span> <span class='ocrx_word' id='word_1_201' title='bbox 722 2764 841 2822; x_wconf 89' lang='lat' dir='ltr'>instruit</span> <span class='ocrx_word' id='word_1_202' title='bbox 861 2764 930 2842; x_wconf 88' lang='lat' dir='ltr'>igne</span> <span class='ocrx_word' id='word_1_203' title='bbox 952 2782 1068 2823; x_wconf 89' lang='lat' dir='ltr'>manus.</span> 
     </span>
     <span class='ocr_line' id='line_1_30' title="bbox 263 2848 1095 2927; baseline 0 -19"><span class='ocrx_word' id='word_1_204' title='bbox 263 2852 302 2908; x_wconf 83' lang='lat'>22</span> <span class='ocrx_word' id='word_1_205' title='bbox 325 2848 475 2927; x_wconf 78' lang='lat' dir='ltr'>Impatiens</span> <span class='ocrx_word' id='word_1_206' title='bbox 499 2850 614 2908; x_wconf 90' lang='lat' dir='ltr'>animus</span> <span class='ocrx_word' id='word_1_207' title='bbox 635 2867 693 2911; x_wconf 86' lang='lat' dir='ltr'>nec</span> <span class='ocrx_word' id='word_1_208' title='bbox 717 2848 817 2908; x_wconf 85' lang='lat' dir='ltr'>adhue</span> <span class='ocrx_word' id='word_1_209' title='bbox 839 2848 1007 2909; x_wconf 88' lang='lat' dir='ltr'>tractabilis</span> <span class='ocrx_word' id='word_1_210' title='bbox 1030 2854 1095 2909; x_wconf 89' lang='lat' dir='ltr'>arte</span> 
     </span>
     <span class='ocr_line' id='line_1_31' title="bbox 367 2933 1107 3013; baseline -0.003 -19"><span class='ocrx_word' id='word_1_211' title='bbox 367 2933 493 3013; x_wconf 90' lang='lat' dir='ltr'>Respuit</span> <span class='ocrx_word' id='word_1_212' title='bbox 515 2940 606 3012; x_wconf 88' lang='lat' dir='ltr'>atque</span> <span class='ocrx_word' id='word_1_213' title='bbox 628 2934 698 2994; x_wconf 93' lang='lat' dir='ltr'>odio</span> <span class='ocrx_word' id='word_1_214' title='bbox 720 2934 814 2994; x_wconf 89' lang='lat' dir='ltr'>verba</span> <span class='ocrx_word' id='word_1_215' title='bbox 835 2935 982 2994; x_wconf 89' lang='lat' dir='ltr'>monentis</span> <span class='ocrx_word' id='word_1_216' title='bbox 1004 2933 1107 2994; x_wconf 86' lang='lat' dir='ltr'>habet.</span> 
     </span>
     <span class='ocr_line' id='line_1_32' title="bbox 262 3019 1185 3099; baseline 0.001 -19"><span class='ocrx_word' id='word_1_217' title='bbox 262 3024 301 3080; x_wconf 83' lang='lat'>23</span> <span class='ocrx_word' id='word_1_218' title='bbox 324 3020 358 3080; x_wconf 89' lang='lat' dir='ltr'>ln</span> <span class='ocrx_word' id='word_1_219' title='bbox 379 3022 474 3098; x_wconf 90' lang='lat' dir='ltr'>pretio</span> <span class='ocrx_word' id='word_1_220' title='bbox 496 3021 625 3099; x_wconf 88' lang='lat' dir='ltr'>pretium</span> <span class='ocrx_word' id='word_1_221' title='bbox 646 3037 727 3079; x_wconf 91' lang='lat' dir='ltr'>nunc</span> <span class='ocrx_word' id='word_1_222' title='bbox 751 3026 810 3093; x_wconf 90' lang='lat' dir='ltr'>est;</span> <span class='ocrx_word' id='word_1_223' title='bbox 835 3019 888 3078; x_wconf 84' lang='lat' dir='ltr'>dat</span> <span class='ocrx_word' id='word_1_224' title='bbox 910 3037 1020 3079; x_wconf 90' lang='lat' dir='ltr'>census</span> <span class='ocrx_word' id='word_1_225' title='bbox 1041 3020 1185 3096; x_wconf 89' lang='lat' dir='ltr'>honores,</span> 
     </span>
     <span class='ocr_line' id='line_1_33' title="bbox 369 3105 1053 3184; baseline -0.003 -18"><span class='ocrx_word' id='word_1_226' title='bbox 369 3105 484 3167; x_wconf 87' lang='lat' dir='ltr'>Census</span> <span class='ocrx_word' id='word_1_227' title='bbox 508 3107 667 3180; x_wconf 82' lang='lat' dir='ltr'>amicitias3</span> <span class='ocrx_word' id='word_1_228' title='bbox 691 3124 808 3184; x_wconf 89' lang='lat' dir='ltr'>pauper</span> <span class='ocrx_word' id='word_1_229' title='bbox 828 3105 942 3182; x_wconf 90' lang='lat' dir='ltr'>ubique</span> <span class='ocrx_word' id='word_1_230' title='bbox 964 3106 1053 3164; x_wconf 84' lang='lat' dir='ltr'>iacet.</span> 
     </span>
     <span class='ocr_line' id='line_1_34' title="bbox 262 3191 1059 3269; baseline -0.003 -18"><span class='ocrx_word' id='word_1_231' title='bbox 262 3196 301 3251; x_wconf 82' lang='grc'>24</span> <span class='ocrx_word' id='word_1_232' title='bbox 324 3191 479 3269; x_wconf 82' lang='lat' dir='ltr'>Ingenium</span> <span class='ocrx_word' id='word_1_233' title='bbox 500 3191 654 3268; x_wconf 88' lang='lat' dir='ltr'>quondam</span> <span class='ocrx_word' id='word_1_234' title='bbox 676 3191 774 3250; x_wconf 89' lang='lat' dir='ltr'>fuerat</span> <span class='ocrx_word' id='word_1_235' title='bbox 795 3191 953 3268; x_wconf 90' lang='lat' dir='ltr'>pretiosius</span> <span class='ocrx_word' id='word_1_236' title='bbox 977 3209 1059 3263; x_wconf 91' lang='lat' dir='ltr'>auro,</span> 
     </span>
     <span class='ocr_line' id='line_1_35' title="bbox 367 3274 1078 3354; baseline -0.004 -17"><span class='ocrx_word' id='word_1_237' title='bbox 367 3277 406 3337; x_wconf 88' lang='lat' dir='ltr'>At</span> <span class='ocrx_word' id='word_1_238' title='bbox 427 3295 507 3337; x_wconf 90' lang='lat' dir='ltr'>nunc</span> <span class='ocrx_word' id='word_1_239' title='bbox 529 3277 685 3337; x_wconf 86' lang='lat' dir='ltr'>barbaries</span> <span class='ocrx_word' id='word_1_240' title='bbox 707 3276 837 3354; x_wconf 87' lang='lat' dir='ltr'>grandis,</span> <span class='ocrx_word' id='word_1_241' title='bbox 859 3275 973 3335; x_wconf 89' lang='lat' dir='ltr'>habere</span> <span class='ocrx_word' id='word_1_242' title='bbox 995 3274 1078 3335; x_wconf 91' lang='lat' dir='ltr'>nihil.</span> 
     </span>
     <span class='ocr_line' id='line_1_36' title="bbox 262 3361 1108 3441; baseline -0.001 -20"><span class='ocrx_word' id='word_1_243' title='bbox 262 3365 300 3421; x_wconf 84' lang='lat'>25</span> <span class='ocrx_word' id='word_1_244' title='bbox 324 3362 457 3441; x_wconf 90' lang='lat' dir='ltr'>luppiter</span> <span class='ocrx_word' id='word_1_245' title='bbox 477 3364 603 3440; x_wconf 89' lang='lat' dir='ltr'>ingeniis</span> <span class='ocrx_word' id='word_1_246' title='bbox 625 3361 752 3441; x_wconf 84' lang='lat' dir='ltr'>praebet</span> <span class='ocrx_word' id='word_1_247' title='bbox 773 3380 829 3421; x_wconf 89' lang='lat' dir='ltr'>sua</span> <span class='ocrx_word' id='word_1_248' title='bbox 850 3362 974 3420; x_wconf 89' lang='lat' dir='ltr'>numina</span> <span class='ocrx_word' id='word_1_249' title='bbox 993 3367 1108 3428; x_wconf 82' lang='lat' dir='ltr'>vatum.</span> 
     </span>
     <span class='ocr_line' id='line_1_37' title="bbox 367 3446 971 3526; baseline -0.003 -19"><span class='ocrx_word' id='word_1_250' title='bbox 367 3446 468 3526; x_wconf 87' lang='lat' dir='ltr'>Seque</span> <span class='ocrx_word' id='word_1_251' title='bbox 491 3447 639 3508; x_wconf 89' lang='lat' dir='ltr'>celebrari</span> <span class='ocrx_word' id='word_1_252' title='bbox 662 3447 797 3525; x_wconf 90' lang='lat' dir='ltr'>quolibet</span> <span class='ocrx_word' id='word_1_253' title='bbox 818 3465 870 3506; x_wconf 91' lang='lat' dir='ltr'>ore</span> <span class='ocrx_word' id='word_1_254' title='bbox 892 3448 971 3506; x_wconf 90' lang='lat' dir='ltr'>sinit.</span> 
     </span>
     <span class='ocr_line' id='line_1_38' title="bbox 263 3530 1111 3607; baseline -0.001 -16"><span class='ocrx_word' id='word_1_255' title='bbox 263 3535 301 3592; x_wconf 82' lang='grc'>21</span> <span class='ocrx_word' id='word_1_256' title='bbox 319 3533 496 3594; x_wconf 72' lang='lat' dir='ltr'>vLaudamus</span> <span class='ocrx_word' id='word_1_257' title='bbox 518 3541 644 3607; x_wconf 88' lang='lat' dir='ltr'>veteres,</span> <span class='ocrx_word' id='word_1_258' title='bbox 669 3532 724 3592; x_wconf 87' lang='lat' dir='ltr'>sed</span> <span class='ocrx_word' id='word_1_259' title='bbox 745 3533 854 3592; x_wconf 90' lang='lat' dir='ltr'>nostris</span> <span class='ocrx_word' id='word_1_260' title='bbox 877 3533 987 3591; x_wconf 90' lang='lat' dir='ltr'>utimur</span> <span class='ocrx_word' id='word_1_261' title='bbox 1009 3530 1111 3606; x_wconf 86' lang='lat' dir='ltr'>anuis;</span> 
     </span>
     <span class='ocr_line' id='line_1_39' title="bbox 366 3616 1113 3695; baseline -0.003 -17"><span class='ocrx_word' id='word_1_262' title='bbox 366 3619 431 3678; x_wconf 87' lang='lat' dir='ltr'>Mos</span> <span class='ocrx_word' id='word_1_263' title='bbox 452 3625 554 3679; x_wconf 88' lang='lat' dir='ltr'>tamen</span> <span class='ocrx_word' id='word_1_264' title='bbox 576 3624 622 3677; x_wconf 87' lang='lat' dir='ltr'>est</span> <span class='ocrx_word' id='word_1_265' title='bbox 644 3636 740 3694; x_wconf 89' lang='lat' dir='ltr'>aeque</span> <span class='ocrx_word' id='word_1_266' title='bbox 764 3618 870 3695; x_wconf 87' lang='lat' dir='ltr'>dignus</span> <span class='ocrx_word' id='word_1_267' title='bbox 892 3624 1019 3693; x_wconf 87' lang='lat' dir='ltr'>uterque</span> <span class='ocrx_word' id='word_1_268' title='bbox 1043 3616 1113 3676; x_wconf 88' lang='lat' dir='ltr'>coli.</span> 
     </span>
    </p>
   </div>
   <div class='ocr_carea' id='block_1_3' title="bbox 0 0 1334 4228">
    <p class='ocr_par' dir='ltr' id='par_1_3' title="bbox 0 0 1334 4228">
     <span class='ocr_line' id='line_1_40' title="bbox 0 0 1334 4228; baseline 0 0"><span class='ocrx_word' id='word_1_269' title='bbox 0 0 1334 4228; x_wconf 95' lang='lat' dir='ltr'> </span> 
     </span>
    </p>
   </div>
  </div>
 </body>
</html>
