2660 4228
263 291 321 353 122
378 287 425 344 An
442 289 488 346 dio
506 290 633 347 Frennda
651 304 687 346 ru
704 290 784 347 Rom.
818 290 904 347 Trist.
918 289 970 355 111,
984 292 1010 354 4,
1024 291 1138 345 47-78.

258 460 480 527 gegsnwttrttgas
491 458 650 515 Andenlran
662 459 764 516 hervor
781 460 839 515 und
850 460 960 515 wendat
977 460 1037 515 sich
1056 460 1132 513 dsnn
1150 476 1190 514 an
1207 460 1264 515 allo

259 535 306 591 dio
322 540 421 591 trauan
437 537 576 598 Fraunds,
601 538 653 592 dia·
670 553 701 592 er
716 553 785 606 geru
802 538 911 592 eimaln
931 537 983 591 mit
999 537 1106 592 Numen
1124 536 1264 591 anfubren
1316 540 1317 565 ¹

259 612 378 679 mbchts,
391 629 472 668 wonn
485 629 514 668 er
525 613 603 668 nicht
614 614 660 669 bei
672 613 819 682 Angustus
831 613 877 669 ftlr
888 614 929 669 sio
948 613 1095 669 ittrcbteta
1125 615 1166 668 Er
1179 614 1263 669 bittet

258 705 305 743 um
321 689 498 759 Bawabrung
515 690 565 745 dar
582 691 669 746 Liebe
690 691 747 745 und
765 707 810 746 um
829 689 937 747 femora
955 695 1034 745 treus
1051 690 1260 759 Vorwandung.

283 810 488 894 trrtProxima
510 832 660 892 sideribus
682 831 773 892 tellus
794 831 1025 911 Erymanthidos
1046 849 1138 891 ursae

386 917 434 977 ble
457 924 549 992 tenet,
575 919 698 978 astricto
721 924 802 978 terra
825 925 949 997 perusta
972 918 1052 994 gelu.

344 1002 496 1082 Bosporos
519 1010 550 1063 et
571 1003 681 1064 Tanais
703 1011 848 1081 superant
869 1001 1073 1083 Scythiaeque
1096 1003 1239 1081 paludes,

387 1089 504 1166 Vixque
527 1091 601 1149 satis
622 1091 685 1148 noti
706 1091 827 1150 nomina
850 1107 950 1167 pauca
971 1089 1041 1148 loci.

304 1176 320 1230 5
345 1173 476 1234 Ulterius
497 1175 570 1234 nihil
594 1181 640 1234 est
661 1176 718 1234 nisi
739 1193 800 1236 non
822 1173 987 1235 habitabile
1010 1175 1118 1250 frigus:

388 1259 454 1318 Heu
478 1277 569 1337 quam
591 1261 692 1319 vicina
714 1266 766 1320 est·
782 1260 889 1321 ultima
909 1266 992 1320 tarra
1014 1258 1101 1319 mihi!

344 1341 384 1402 At
405 1344 495 1421 longe
517 1346 616 1422 patria
638 1350 694 1419 est,
717 1344 806 1423 longe
830 1346 986 1406 carissima
1008 1346 1150 1418 coniunx,

389 1429 542 1507 Quidquid
567 1436 597 1489 et
619 1430 697 1490 haec
719 1431 806 1490 nobis
828 1438 897 1509 post
920 1432 980 1490 duo
1004 1430 1094 1490 dulce
1117 1430 1184 1489 fuit.

346 1512 397 1574 Sic
418 1520 520 1575 tamen
541 1516 620 1575 haec
644 1515 762 1592 adsunt,
786 1521 829 1591 ut,
850 1535 930 1595 quae
947 1518 1120 1592 contingere
1135 1534 1200 1575 non
1215 1524 1261 1575 est

284 1602 322 1658 10
390 1598 533 1678 Corpore,
555 1602 615 1661 sint
638 1603 736 1661 animo
760 1608 872 1662 cuncta
893 1602 1027 1662 videnda
1047 1619 1125 1661 meo.

344 1683 423 1746 Ante
445 1687 552 1747 oculos
575 1693 655 1747 errat
677 1687 795 1762 domus,
818 1687 892 1747 urbs
915 1694 945 1747 et
966 1689 1063 1747 forma
1083 1686 1233 1761 locorum,
1317 1718 1318 1767 3

387 1770 609 1849 Acceduntque
632 1774 695 1832 suis
716 1772 835 1850 singula
856 1773 939 1833 facta
960 1773 1046 1833 locis.

346 1854 489 1934 Coniugis
512 1865 581 1917 ante
605 1857 719 1933 oculos,
743 1860 823 1919 sicut
845 1859 1020 1935 praesentis,
1044 1860 1144 1935 imago
1167 1865 1231 1931 est,

285 1951 335 2003 too)
390 1941 446 2001 Illa
467 1961 551 2002 meos
575 1961 665 2003 casus
687 1945 832 2020 ingravat,
855 1944 908 2003 illa
928 1944 1018 2004 levat:
1112 1939 1259 2023 [amorem

284 2027 321 2083 15
344 2025 484 2104 Ingravat
504 2028 573 2102 hoa,
597 2028 679 2105 quod
697 2028 802 2104 abest,
826 2029 908 2088 levat
929 2030 998 2104 hoo,
1021 2029 1104 2107 quod
1123 2035 1261 2107 praestat

387 2111 613 2190 lnpositumque
636 2113 693 2173 sibi
715 2114 804 2174 firma
825 2120 928 2175 tuetur
949 2133 1036 2174 onus.

344 2196 405 2257 Vos
428 2216 550 2276 quoque
572 2199 748 2277 pectoribus
769 2202 878 2260 nostris
901 2199 1041 2274 haeretis,
1066 2200 1163 2273 amici,

387 2283 495 2343 Dicere
518 2304 595 2362 quos
618 2287 707 2362 cupio
729 2288 849 2346 nomine
872 2304 1023 2364 quemque
1046 2304 1112 2344 suo.

345 2366 407 2429 Sed
430 2371 518 2429 timor
540 2370 674 2429 officium
697 2378 806 2430 cautus
829 2373 1004 2448 compescit,
1029 2377 1059 2430 at
1080 2373 1163 2449 ipsos

281 2455 321 2512 20
386 2453 419 2513 ln
441 2462 544 2515 nostro
566 2458 637 2534 poni
660 2458 792 2516 carmine
814 2457 895 2516 nolle
917 2463 1001 2535 puto.

344 2539 422 2600 Ante
444 2540 601 2616 volebatis,
625 2543 762 2621 gratique
785 2549 850 2602 erat
871 2544 967 2601 instar
989 2542 1108 2616 amoris,

387 2625 531 2686 Versibus
552 2629 582 2685 in
604 2629 714 2687 nostris
735 2628 857 2687 nomina
878 2636 981 2688 vestra
1002 2628 1070 2704 legi.
1188 2623 1257 2706 [qua

345 2710 434 2784 Quod
449 2713 592 2788 qnoniam
614 2720 661 2772 est
684 2731 807 2792 anceps,
830 2716 909 2774 intra
923 2731 993 2773 maa
1006 2719 1135 2790 pectora
1148 2732 1258 2791 quem-

283 2807 333 2857 (rot
387 2794 552 2874 Adloquar,
577 2803 607 2858 et
628 2798 703 2858 nulli
726 2816 821 2859 causa
841 2800 955 2859 timoris
979 2817 1040 2859 ero.

281 2882 321 2939 25
343 2881 409 2942 Nec
432 2901 518 2942 meus
539 2883 651 2942 indicio
673 2884 827 2944 latitantes
849 2904 956 2944 versus
980 2885 1094 2944 amicos

386 2966 560 3043 Protrahet;
585 2970 706 3029 occulte
728 2971 754 3029 si
776 2972 844 3048 quis
868 2970 999 3044 amabat,
1024 2976 1113 3029 amet.

344 3051 427 3113 Scite
449 3059 561 3130 tamen,
585 3057 723 3133 quamvis
745 3056 836 3133 longa
857 3057 978 3133 regione
1001 3061 1135 3114 remotus

385 3137 499 3214 Absim,
522 3159 577 3199 vos
600 3142 699 3199 animo
721 3160 841 3218 semper
863 3142 971 3201 adesse
994 3158 1071 3200 meo.

344 3221 380 3282 Et
402 3243 464 3301 qua
486 3226 613 3303 quisque
636 3231 744 3304 potest,
769 3246 831 3301 oro,
854 3225 936 3285 mala
957 3231 1062 3285 nostra
1082 3224 1194 3299 levate,

280 3309 320 3367 30
386 3307 494 3369 Fidam
516 3312 652 3389 proiecto
674 3330 752 3371 neve
775 3317 884 3389 negate
907 3329 1040 3371 manum.

342 3394 492 3472 Prospera
512 3398 557 3455 sic
579 3403 702 3456 maneat
724 3397 810 3457 vobis
832 3398 961 3471 fortuna,
984 3412 1043 3456 neo
1066 3414 1223 3469 umquam,

283 3490 332 3542 trat
388 3477 528 3540 Contaoti
550 3482 639 3541 simili
660 3488 751 3557 sorte,
774 3485 885 3560 rogetis
906 3481 997 3542 idem.
