2660 4228
269 335 330 398 130
474 330 532 384 Der
549 328 648 385 datan
665 327 846 395 Gennang.
881 327 967 381 Trtst
978 325 1015 390 V,
1030 330 1055 383 5.

354 504 406 566 Sic
430 505 585 583 quondam
606 504 716 563 festum
736 503 875 562 Laertius
897 508 1001 578 egerat
1021 502 1114 561 heros

395 591 512 650 Forsan
532 592 563 648 in
586 596 721 649 extremo
744 589 882 664 coniugis
903 587 978 646 orbe
1001 587 1092 646 diem.

314 681 332 735 5
354 677 470 753 Lingua
490 676 596 734 favens
620 675 707 741 adsit,
729 680 901 733 nostrorum
923 672 1019 731 oblita
1040 672 1201 743 malorum,

398 762 493 836 Quae,
516 767 599 839 puto,
624 760 780 833 dedidicit,
802 760 865 817 iam
885 758 967 817 bona
988 757 1086 816 verba
1106 758 1202 835 loqui.
1309 772 1310 829 1

356 848 503 924 Quaeque
525 845 620 906 semel
642 852 706 905 toto
728 846 821 904 vestis
842 843 915 902 mibi
937 844 1066 902 sumitur
1089 861 1177 917 anno,
1309 838 1310 911 l

400 932 542 993 Sumatur
562 932 633 991 fatis
655 931 787 990 discolor
809 930 880 989 alba
901 930 986 988 maie.

356 1019 478 1096 Araque
500 1019 653 1094 gramineo
674 1017 777 1076 viridis
800 1015 839 1074 de
862 1015 996 1093 caespite
1018 1014 1081 1088 fiat,

297 1109 335 1164 10
400 1104 438 1163 Et
457 1103 540 1163 velet
560 1104 680 1182 tepidos
701 1119 783 1161 nexa
805 1118 917 1161 corona
939 1100 1034 1159 focos.

358 1189 405 1249 Da
425 1189 498 1247 mibi
518 1196 596 1263 tura,
618 1206 702 1266 puer,
726 1190 853 1265 pingues
874 1186 1016 1244 facientia
1037 1184 1187 1261 flammas,

401 1274 550 1349 Quodque
572 1275 622 1351 pio
643 1274 744 1332 fusum
765 1272 874 1331 stridat
894 1273 925 1329 in
947 1272 1024 1346 igne,
1047 1289 1175 1330 merum.

358 1359 476 1437 Optime
498 1355 629 1417 Natalis!
652 1359 790 1435 quamvis
811 1357 919 1435 procul
942 1356 1096 1430 absumus,
1122 1364 1195 1435 opto

402 1442 557 1504 Candidus
578 1443 639 1502 huc
661 1444 765 1502 venias
787 1442 999 1519 dissimilisque
1021 1461 1099 1501 meo.

298 1535 336 1590 15
359 1529 391 1590 Si
413 1531 495 1606 quod
518 1535 549 1588 et
569 1528 703 1588 instabat
725 1528 864 1588 dominae
885 1527 1057 1587 miserabile
1079 1527 1200 1603 vulnuS,

401 1615 446 1675 Sit
466 1615 626 1693 perfuncta
646 1615 722 1674 meis
742 1620 862 1691 tempus
883 1615 914 1671 in
936 1631 1024 1673 omne
1046 1613 1144 1672 malis.

359 1702 505 1779 Quaeque
517 1702 601 1778 gravi
614 1719 711 1779 nuper
721 1699 790 1778 plus
802 1717 893 1776 quam
905 1705 1050 1776 quassata
1060 1699 1199 1777 procella
1214 1705 1262 1773 eet

401 1787 489 1859 Quod
511 1793 657 1864 superest,
681 1791 780 1844 tutum
801 1804 856 1862 per
877 1803 961 1843 mare
981 1784 1068 1843 navis
1092 1791 1150 1844 eat.

359 1872 416 1931 Illa
438 1873 527 1931 domo
548 1878 681 1948 nataque
704 1890 761 1930 sua
781 1871 938 1948 patriaque
960 1869 1092 1928 fruatur:

296 1961 335 2017 20
399 1957 511 2034 Erepta
531 1956 609 2016 haec
631 1958 683 2015 uni
704 1958 743 2015 sit
764 1956 838 2015 satis
861 1973 928 2014 esse
950 1953 1036 2029 mihi;

359 2042 515 2114 Quatenus
538 2049 568 2100 et
588 2059 648 2100 non
672 2043 769 2101 estin
791 2059 863 2100 earo
886 2041 1014 2116 coniuge
1035 2040 1119 2114 felix,

401 2127 475 2187 Pars
497 2128 577 2185 vitae
599 2128 676 2185 tristi
699 2133 801 2186 cetera
821 2126 903 2185 nube
925 2132 1025 2185 vacet.

357 2212 454 2285 Vivat,
478 2218 618 2289 ametque
636 2214 741 2286 virum,
766 2213 908 2289 quoniam
929 2212 974 2269 sic
998 2212 1123 2288 cogitur,
1149 2211 1261 2285 absens,

403 2298 628 2376 consumatque
653 2316 755 2369 annos,
778 2298 834 2357 sed
857 2298 1008 2367 diuturna,
1032 2314 1114 2356 suos.

296 2387 335 2444 25
358 2384 517 2444 Adicerem
540 2390 570 2443 et
591 2390 725 2457 nostros;
750 2384 805 2442 sed
827 2401 866 2441 ne
889 2385 1029 2460 contagia
1050 2381 1105 2441 1111

402 2468 603 2547 Corrumpunt
624 2471 724 2544 timeo,
749 2486 826 2545 quos
849 2470 909 2545 agit
931 2469 1006 2545 ipsa,
1029 2468 1099 2527 mei.

358 2555 406 2615 Nil
427 2556 539 2614 homini
562 2560 678 2614 certum
700 2561 755 2614 est.
798 2554 878 2613 Fieri
900 2555 968 2630 quis
989 2571 1079 2631 posse
1101 2558 1231 2630 putaret,

401 2640 440 2699 Ut
461 2641 594 2699 facerem
614 2642 645 2698 in
667 2640 775 2699 mediis
796 2639 875 2698 haec
898 2657 953 2716 ego
976 2656 1065 2697 sacra
1088 2637 1193 2697 Getis?

358 2726 476 2803 Aspice,
500 2731 534 2784 ut
556 2744 631 2785 aura
652 2732 753 2785 tamen
775 2725 872 2784 fumos
896 2743 912 2784 e
935 2730 1001 2783 turs
1026 2729 1148 2783 coortos

297 2813 335 2871 30
400 2811 433 2870 In
455 2817 556 2889 partes
578 2810 669 2870 Italas
692 2817 722 2870 11
743 2810 814 2870 loca
836 2811 944 2870 dextra
965 2810 1051 2868 11111.

358 2895 471 2956 Sensus
493 2897 570 2956 inest
591 2897 682 2973 igitur
703 2895 831 2968 nebulis
856 2915 932 2973 quas
955 2896 1047 2972 exigit
1068 2895 1161 2972 ignis:

402 2981 565 3042 Consilium
590 2982 706 3059 fugiunt
729 2988 832 3042 cetera
853 2999 949 3059 paene
971 2999 1081 3040 meum.

359 3067 499 3139 Consilio,
525 3086 684 3128 commune
707 3086 828 3127 sacrum
851 3085 920 3126 cum
942 3066 995 3124 fiat
1016 3066 1047 3123 in
1070 3084 1124 3125 111

400 3153 565 3225 Fratribus,
591 3152 706 3212 alterna
728 3154 780 3230 qui
801 3154 917 3229 periere
940 3169 1040 3225 manu,

296 3241 334 3298 35
357 3240 426 3317 Ipsa
448 3239 505 3298 sibi
529 3239 653 3313 discors,
679 3246 834 3316 tamquam
854 3238 1016 3296 mandetur
1038 3235 1077 3294 ab
1101 3235 1169 3310 illis,

401 3323 554 3383 Scinditur
575 3326 605 3382 in
626 3330 728 3402 partes
752 3330 818 3383 atra
839 3322 942 3382 favilla
964 3323 1051 3381 duae.

358 3409 432 3483 Hoc,
455 3411 585 3485 memini,
610 3410 763 3487 quondam
785 3409 850 3468 fieri
872 3426 933 3466 non
954 3425 1044 3485 posse
1067 3406 1223 3485 loquebar,

399 3495 436 3554 Et
458 3513 506 3554 me
528 3494 685 3554 Battiades
707 3494 808 3553 iudice
830 3494 925 3553 falsus
948 3498 1026 3552 erat:

357 3578 465 3639 Omnia
485 3598 566 3639 nunc
590 3580 691 3639 credo.
716 3597 786 3638 curn
807 3584 850 3651 tu,
873 3597 934 3637 non
956 3577 1076 3651 stultus,
1101 3577 1141 3637 ab
1164 3575 1248 3636 Arcto

294 3667 335 3721 40
398 3665 497 3742 Terga
517 3682 613 3742 vapor
635 3664 754 3723 dederis
776 3663 1000 3741 Ausoniamque
1023 3670 1121 3741 petas.
