2660 4224
367 282 515 339 Pentheus.
549 282 616 337 ilet.
627 281 680 347 III,
695 283 840 336 500-103.
1062 287 1101 349 37

190 459 297 520 Acrior
320 459 474 519 admonitu
496 463 551 533 551,
575 459 774 536 inritaturque
796 464 915 518 retenta

189 544 228 605 Et
250 545 360 605 crescit
381 545 490 618 rabies,
512 545 772 622 remoraminaque
794 546 862 622 ipsa
882 544 1044 604 nocebant.

192 629 243 691 Sic
266 650 321 708 ego
344 636 515 703 torrentem,
539 648 601 707 qua
621 629 664 689 nil
686 629 829 690 obstabat
852 632 942 705 eunti,

190 715 301 777 Lenius
325 722 355 775 et
376 715 496 775 modico
519 716 646 793 strepitu
669 716 830 776 decurrere
852 716 927 791 vidi;

104 806 168 861 570
190 801 240 867 nt,
266 820 460 880 quacumque
482 801 585 860 trabes
606 801 825 879 obstructaque
851 820 927 861 saxa
947 799 1101 873 tenebant,

193 886 342 966 Spumeus
366 893 397 946 et
418 886 537 947 fervens
561 893 592 947 et
615 886 653 946 ab
676 887 764 947 obice
788 888 906 947 saevior
927 887 1000 946 ibat.

192 973 272 1033 Ecce
296 974 446 1033 cruentati
468 972 596 1033 redeunt
618 978 657 1048 et,
682 971 824 1032 Bacchus
846 972 899 1032 ubi
922 977 1009 1047 esset,

193 1059 356 1131 Quaerenti
379 1057 499 1117 domino
522 1056 679 1118 Bacchum
700 1058 813 1117 vidisse
834 1063 994 1134 negarunt:

192 1144 330 1219 „Hunc“,
348 1143 461 1217 dixere,
479 1149 601 1216 „tamen
617 1144 759 1202 comitem
775 1142 981 1221 famulumque
997 1161 1104 1203 sacro-

106 1233 168 1289 575
192 1229 371 1309 Cepimus“;
385 1235 416 1289 et
426 1229 559 1302 tradunt,
572 1229 711 1289 manibus
722 1235 790 1308 post
802 1235 886 1308 terga
896 1229 1004 1308 ligatis,
1027 1224 1104 1308 [rum

192 1314 288 1376 Sacra
310 1316 360 1376 dei
382 1315 534 1393 quendam
556 1314 710 1393 Tyrrhena
731 1320 820 1392 gente
842 1321 991 1375 secutum.

190 1401 306 1480 Aspicit
327 1401 409 1461 hunc
429 1400 582 1461 Pentheus
604 1402 709 1476 oculis,
734 1419 810 1478 quos
832 1402 877 1461 ira
899 1400 1072 1461 tremendos

191 1487 335 1562 Fecerat,
363 1493 394 1547 et
413 1504 599 1564 quamquam
620 1505 739 1565 poenae
760 1488 812 1545 vix
834 1492 972 1564 tempora
993 1486 1101 1561 differt,

193 1572 238 1648 „0
260 1575 393 1651 periture
415 1578 529 1649 tuaque
553 1571 619 1632 aliis
641 1570 826 1631 documenta
848 1571 956 1631 dature

106 1659 169 1717 580
193 1658 317 1732 Morte“‚
342 1658 392 1730 ait,
417 1656 495 1729 „ede
518 1662 604 1715 tuum
626 1673 737 1714 nomen
758 1673 928 1731 nomenque
948 1661 1103 1733 parentum

192 1742 230 1801 Et
251 1742 389 1819 patriam,
412 1741 563 1817 morisque
584 1741 656 1799 novi
679 1758 734 1799 our
754 1759 844 1801 sacra
864 1740 1069 1819 frequentes.“

195 1825 249 1885 1115
272 1831 355 1885 metu
376 1843 493 1884 vacuus
516 1843 646 1899 „nomen
666 1825 770 1899 mihi“,
794 1825 877 1900 dixit,
901 1826 1061 1904 „Acoetes

196 1910 298 1970 Patria
318 1909 456 1970 Maeonia
478 1917 538 1985 est;
562 1909 666 1970 humili
688 1911 726 1971 de
748 1910 838 1991 plebe
860 1919 1010 1990 parentes.

195 1995 262 2055 Non
284 1994 355 2055 mihi
377 2014 457 2073 quae
480 1996 546 2055 duri
570 1995 712 2074 colerent,
736 2004 831 2075 pater,
858 2017 930 2059 arva
951 2000 1081 2074 iuvenci,

109 2083 171 2141 585
195 2081 394 2159 Lanigerosve
416 2100 530 2160 greges,
552 2100 612 2142 non
634 2082 699 2143 5115
721 2091 857 2143 armenta
878 2084 1008 2162 reliquit.

193 2167 312 2246 Pauper
334 2174 364 2227 et
385 2168 449 2245 ipse
472 2168 527 2227 luit
548 2166 671 2245 linoque
693 2167 813 2229 solebat
835 2176 866 2229 et
887 2169 984 2229 hamis

194 2253 340 2331 Decipere
364 2259 395 2313 et
417 2253 534 2313 calamo
558 2252 701 2314 salientes
723 2253 837 2313 ducere
860 2256 969 2331 pisces.

192 2337 250 2398 Ars
270 2338 314 2397 illi
335 2357 393 2398 sua
416 2357 526 2398 census
549 2345 622 2399 erat.
669 2336 746 2398 Cum
766 2338 902 2399 traderet
925 2345 1029 2410 551555,

194 2422 328 2501 „Accipe
352 2442 428 2500 quas
449 2423 559 2497 habeo,
583 2423 675 2482 studii
696 2440 857 2483 successor
880 2428 910 2483 et
931 2423 1051 2497 heres“,

108 2511 170 2568 590
194 2509 285 2583 Dixit,
308 2509 434 2586 „cpes“
478 2507 669 2585 Moriensque
691 2507 763 2566 mibi
784 2507 858 2566 nibil
880 2507 930 2568 1115
953 2508 1082 2586 reliquit,

195 2594 319 2654 Praeter
330 2612 434 2670 aquas,
452 2592 615 2653 unumboc
626 2611 750 2670 possum
766 2592 920 2673 appellare
934 2600 1103 2672 paternum.

195 2681 266 2741 Mox
289 2698 354 2756 ego,
377 2697 416 2739 55
438 2678 572 2757 scopulis
593 2678 751 2738 haererem
772 2698 892 2758 semper
912 2681 942 2740 in
964 2680 1069 2756 isdem,

194 2765 335 2827 Addidici
357 2766 489 2843 regimen
512 2764 620 2825 dextra
640 2765 818 2826 moderante
841 2767 962 2826 carinae

195 2851 342 2927 Flectere,
369 2856 399 2910 et
420 2850 544 2911 Oleniae
566 2852 651 2912 sidus
672 2850 805 2928 pluviale
828 2849 973 2930 Capellae

111 2939 173 2996 505
194 2938 407 3016 Taygetenque
429 2936 613 3015 Hyadesque
635 2936 732 2996 oculis
752 2935 927 3014 Arctonque
948 2939 1052 2998 notavi

194 3022 417 3100 Ventorumque
441 3021 546 3082 domos
569 3028 599 3082 et
620 3030 725 3101 portus
746 3021 898 3100 puppibus
922 3028 1017 3100 aptos.

196 3109 286 3168 Forte
308 3114 415 3186 petens
436 3106 534 3167 Delon
557 3105 630 3166 Ciae
652 3107 768 3167 telluris
791 3106 830 3166 ad
853 3125 923 3167 oras

194 3193 338 3272 Applicor
360 3198 391 3252 et
413 3192 527 3252 dextris
550 3191 687 3252 adducor
707 3191 797 3252 litora
817 3193 907 3251 remis

195 3278 301 3356 Doque
323 3277 407 3338 leves
429 3277 525 3337 saltus
547 3277 688 3353 udaeque
710 3278 843 3336 inmittor
864 3276 1006 3352 harenae,

111 3358 171 3424 000
194 3365 264 3424 Nox
285 3362 339 3421 ubi
360 3368 541 3440 consumpta
563 3368 618 3421 551.
661 3360 779 3421 Aurora
800 3362 964 3421 rubescere
985 3365 1081 3441 primo

197 3449 361 3526 Coeperat:
387 3466 525 3525 exsurgo,
549 3447 716 3524 laticesque
738 3446 847 3505 inferre
870 3454 1008 3508 recentes

194 3534 358 3607 Admoneo,
382 3540 575 3611 monstroque
598 3533 685 3607 viam,
712 3550 793 3610 quae
815 3531 909 3592 ducat
932 3534 971 3594 ad
993 3534 1101 3594 undas.

193 3620 270 3698 Ipse,
293 3618 367 3696 quid
390 3637 464 3679 5555
484 3619 555 3679 mihi
576 3618 693 3679 tumulo
714 3618 868 3697 promittat
890 3617 929 3679 ab
953 3619 1014 3679 alto
