<?xml version="1.0" encoding="UTF-8"?>
<!DOCTYPE html PUBLIC "-//W3C//DTD XHTML 1.0 Transitional//EN"
    "http://www.w3.org/TR/xhtml1/DTD/xhtml1-transitional.dtd">
<html xmlns="http://www.w3.org/1999/xhtml" xml:lang="en" lang="en">
 <head>
  <title>
</title>
<meta http-equiv="Content-Type" content="text/html;charset=utf-8" />
  <meta name='ocr-system' content='tesseract 3.04.00' />
  <meta name='ocr-capabilities' content='ocr_page ocr_carea ocr_par ocr_line ocrx_word'/>
</head>
<body>
  <div class='ocr_page' id='page_1' title='image "./lateinischedich00bonegoog_0045.png"; bbox 0 0 2660 4224; ppageno 0'>
   <div class='ocr_carea' id='block_1_1' title="bbox 235 260 1148 331">
    <p class='ocr_par' dir='ltr' id='par_1_1' title="bbox 235 260 1148 331">
     <span class='ocr_line' id='line_1_1' title="bbox 235 260 1148 331; baseline -0.003 -10"><span class='ocrx_word' id='word_1_1' title='bbox 235 268 276 331; x_wconf 81' lang='lat'>32</span> <span class='ocrx_word' id='word_1_2' title='bbox 309 264 431 321; x_wconf 78' lang='lat' dir='ltr'>Cadmus</span> <span class='ocrx_word' id='word_1_3' title='bbox 443 262 500 319; x_wconf 88' lang='lat' dir='ltr'>und</span> <span class='ocrx_word' id='word_1_4' title='bbox 510 263 557 318; x_wconf 86' lang='lat' dir='ltr'>dia</span> <span class='ocrx_word' id='word_1_5' title='bbox 568 261 722 331; x_wconf 82' lang='lat' dir='ltr'>Grlindung</span> <span class='ocrx_word' id='word_1_6' title='bbox 733 260 871 316; x_wconf 82' lang='lat' dir='ltr'>Thebans.</span> <span class='ocrx_word' id='word_1_7' title='bbox 895 260 952 316; x_wconf 82' lang='lat' dir='ltr'>Met</span> <span class='ocrx_word' id='word_1_8' title='bbox 972 260 1023 328; x_wconf 88' lang='lat' dir='ltr'>Ill,</span> <span class='ocrx_word' id='word_1_9' title='bbox 1040 264 1148 318; x_wconf 79' lang='lat'><strong>1--137.</strong></span> 
     </span>
    </p>
   </div>
   <div class='ocr_carea' id='block_1_2' title="bbox 259 437 1209 844">
    <p class='ocr_par' dir='ltr' id='par_1_2' title="bbox 259 437 1209 774">
     <span class='ocr_line' id='line_1_2' title="bbox 259 437 1137 517; baseline -0.002 -17"><span class='ocrx_word' id='word_1_10' title='bbox 259 444 297 500; x_wconf 81' lang='lat'>45</span> <span class='ocrx_word' id='word_1_11' title='bbox 322 439 354 501; x_wconf 90' lang='lat' dir='ltr'>Si</span> <span class='ocrx_word' id='word_1_12' title='bbox 375 445 472 500; x_wconf 90' lang='lat' dir='ltr'>totum</span> <span class='ocrx_word' id='word_1_13' title='bbox 494 445 624 517; x_wconf 82' lang='lat' dir='ltr'>spectes,</span> <span class='ocrx_word' id='word_1_14' title='bbox 647 438 781 515; x_wconf 91' lang='lat' dir='ltr'>geminas</span> <span class='ocrx_word' id='word_1_15' title='bbox 803 439 855 515; x_wconf 91' lang='lat' dir='ltr'>qui</span> <span class='ocrx_word' id='word_1_16' title='bbox 877 445 999 515; x_wconf 86' lang='lat' dir='ltr'>separat</span> <span class='ocrx_word' id='word_1_17' title='bbox 1020 437 1137 499; x_wconf 77' lang='lat' dir='ltr'>Arctos.</span> 
     </span>
     <span class='ocr_line' id='line_1_3' title="bbox 321 523 1123 601; baseline -0.002 -16"><span class='ocrx_word' id='word_1_18' title='bbox 321 526 386 587; x_wconf 89' lang='lat' dir='ltr'>Neo</span> <span class='ocrx_word' id='word_1_19' title='bbox 407 543 504 585; x_wconf 90' lang='lat' dir='ltr'>mora:</span> <span class='ocrx_word' id='word_1_20' title='bbox 528 524 705 599; x_wconf 81' lang='lat' dir='ltr'><strong>Phoenicas,</strong></span> <span class='ocrx_word' id='word_1_21' title='bbox 728 525 792 583; x_wconf 85' lang='lat' dir='ltr'>sive</span> <span class='ocrx_word' id='word_1_22' title='bbox 814 523 858 584; x_wconf 93' lang='lat' dir='ltr'>illi</span> <span class='ocrx_word' id='word_1_23' title='bbox 879 524 942 584; x_wconf 90' lang='lat' dir='ltr'>tela</span> <span class='ocrx_word' id='word_1_24' title='bbox 964 524 1123 601; x_wconf 89' lang='lat' dir='ltr'>parabant,</span> 
     </span>
     <span class='ocr_line' id='line_1_4' title="bbox 322 609 1209 690; baseline 0 -18"><span class='ocrx_word' id='word_1_25' title='bbox 322 610 392 672; x_wconf 89' lang='lat' dir='ltr'>Sive</span> <span class='ocrx_word' id='word_1_26' title='bbox 413 612 524 689; x_wconf 89' lang='lat' dir='ltr'>fugam,</span> <span class='ocrx_word' id='word_1_27' title='bbox 547 612 611 670; x_wconf 91' lang='lat' dir='ltr'>sive</span> <span class='ocrx_word' id='word_1_28' title='bbox 633 611 698 687; x_wconf 90' lang='lat' dir='ltr'>ipse</span> <span class='ocrx_word' id='word_1_29' title='bbox 720 611 809 669; x_wconf 85' lang='lat' dir='ltr'>timor</span> <span class='ocrx_word' id='word_1_30' title='bbox 830 609 1011 688; x_wconf 90' lang='lat' dir='ltr'>prohibebat</span> <span class='ocrx_word' id='word_1_31' title='bbox 1032 617 1209 690; x_wconf 89' lang='lat' dir='ltr'>utrumque,</span> 
     </span>
     <span class='ocr_line' id='line_1_5' title="bbox 322 695 1121 774; baseline -0.001 -16"><span class='ocrx_word' id='word_1_32' title='bbox 322 697 477 774; x_wconf 88' lang='lat' dir='ltr'>Ooeupat;</span> <span class='ocrx_word' id='word_1_33' title='bbox 499 696 556 756; x_wconf 89' lang='lat' dir='ltr'>hos</span> <span class='ocrx_word' id='word_1_34' title='bbox 577 714 688 771; x_wconf 89' lang='lat' dir='ltr'>morsu,</span> <span class='ocrx_word' id='word_1_35' title='bbox 712 695 808 773; x_wconf 90' lang='lat' dir='ltr'>longis</span> <span class='ocrx_word' id='word_1_36' title='bbox 832 695 1022 773; x_wconf 79' lang='lat' dir='ltr'>amplexibus</span> <span class='ocrx_word' id='word_1_37' title='bbox 1044 695 1121 773; x_wconf 90' lang='lat' dir='ltr'>illos,</span> 
     </span>
    </p>

    <p class='ocr_par' dir='ltr' id='par_1_3' title="bbox 321 781 1013 844">
     <span class='ocr_line' id='line_1_6' title="bbox 321 781 1013 844; baseline -0.003 -2"><span class='ocrx_word' id='word_1_38' title='bbox 321 783 384 843; x_wconf 89' lang='lat' dir='ltr'>Hos</span> <span class='ocrx_word' id='word_1_39' title='bbox 404 788 497 844; x_wconf 88' lang='lat' dir='ltr'>neoat</span> <span class='ocrx_word' id='word_1_40' title='bbox 519 781 648 842; x_wconf 87' lang='lat' dir='ltr'>adflatos</span> <span class='ocrx_word' id='word_1_41' title='bbox 669 782 781 842; x_wconf 77' lang='lat' dir='ltr'><strong>funesti</strong></span> <span class='ocrx_word' id='word_1_42' title='bbox 803 781 875 842; x_wconf 88' lang='lat' dir='ltr'>tabe</span> <span class='ocrx_word' id='word_1_43' title='bbox 897 783 1013 842; x_wconf 86' lang='lat' dir='ltr'>veneni.</span> 
     </span>
    </p>
   </div>
   <div class='ocr_carea' id='block_1_3' title="bbox 300 952 1050 1134">
    <p class='ocr_par' dir='ltr' id='par_1_4' title="bbox 300 952 1050 1134">
     <span class='ocr_line' id='line_1_7' title="bbox 300 952 1050 1064; baseline 0.003 -33"><span class='ocrx_word' id='word_1_44' title='bbox 300 952 318 1064; x_wconf 33' lang='lat' dir='ltr'>:J</span> <span class='ocrx_word' id='word_1_45' title='bbox 419 983 445 1033; x_wconf 77' lang='lat'>2.</span> <span class='ocrx_word' id='word_1_46' title='bbox 473 980 858 1050; x_wconf 83' lang='lat' dir='ltr'>DerKampfmltdam</span> <span class='ocrx_word' id='word_1_47' title='bbox 875 979 1050 1036; x_wconf 86' lang='lat' dir='ltr'>Draohon.</span> 
     </span>
     <span class='ocr_line' id='line_1_8' title="bbox 666 1079 806 1134; baseline -0.007 0"><span class='ocrx_word' id='word_1_48' title='bbox 666 1079 806 1134; x_wconf 62' lang='lat' dir='ltr'>(ww-it)</span> 
     </span>
    </p>
   </div>
   <div class='ocr_carea' id='block_1_4' title="bbox 261 1189 1322 3680">
    <p class='ocr_par' dir='ltr' id='par_1_5' title="bbox 261 1189 1322 3680">
     <span class='ocr_line' id='line_1_9' title="bbox 261 1189 1096 1287; baseline -0.002 -17"><span class='ocrx_word' id='word_1_49' title='bbox 261 1215 299 1270; x_wconf 80' lang='lat'>50</span> <span class='ocrx_word' id='word_1_50' title='bbox 322 1189 457 1271; x_wconf 76' lang='lat' dir='ltr'>Fecerat</span> <span class='ocrx_word' id='word_1_51' title='bbox 479 1210 604 1287; x_wconf 84' lang='lat' dir='ltr'>exiguas</span> <span class='ocrx_word' id='word_1_52' title='bbox 624 1210 685 1268; x_wconf 90' lang='lat' dir='ltr'>iam</span> <span class='ocrx_word' id='word_1_53' title='bbox 707 1208 753 1268; x_wconf 89' lang='lat' dir='ltr'>sol</span> <span class='ocrx_word' id='word_1_54' title='bbox 776 1207 938 1268; x_wconf 89' lang='lat' dir='ltr'>altissimus</span> <span class='ocrx_word' id='word_1_55' title='bbox 960 1207 1096 1268; x_wconf 89' lang='lat' dir='ltr'>umbras:</span> 
     </span>
     <span class='ocr_line' id='line_1_10' title="bbox 325 1290 1118 1370; baseline 0.001 -16"><span class='ocrx_word' id='word_1_56' title='bbox 325 1295 410 1367; x_wconf 87' lang='lat' dir='ltr'>Quae</span> <span class='ocrx_word' id='word_1_57' title='bbox 432 1312 518 1354; x_wconf 89' lang='lat' dir='ltr'>mora</span> <span class='ocrx_word' id='word_1_58' title='bbox 539 1296 578 1354; x_wconf 93' lang='lat' dir='ltr'>sit</span> <span class='ocrx_word' id='word_1_59' title='bbox 599 1296 699 1362; x_wconf 86' lang='lat' dir='ltr'>soeiis,</span> <span class='ocrx_word' id='word_1_60' title='bbox 722 1294 848 1353; x_wconf 86' lang='lat' dir='ltr'>miratur</span> <span class='ocrx_word' id='word_1_61' title='bbox 868 1290 1006 1370; x_wconf 84' lang='lat' dir='ltr'>Agenore</span> <span class='ocrx_word' id='word_1_62' title='bbox 1027 1301 1118 1355; x_wconf 90' lang='lat' dir='ltr'>natus</span> 
     </span>
     <span class='ocr_line' id='line_1_11' title="bbox 323 1378 1092 1457; baseline 0.001 -18"><span class='ocrx_word' id='word_1_63' title='bbox 323 1380 518 1457; x_wconf 77' lang='lat' dir='ltr'>vestigatque</span> <span class='ocrx_word' id='word_1_64' title='bbox 541 1381 631 1439; x_wconf 84' lang='lat' dir='ltr'>viros.</span> <span class='ocrx_word' id='word_1_65' title='bbox 674 1379 827 1456; x_wconf 84' lang='lat' dir='ltr'>Tegumen</span> <span class='ocrx_word' id='word_1_66' title='bbox 846 1378 977 1455; x_wconf 72' lang='lat' dir='ltr'>derepta</span> <span class='ocrx_word' id='word_1_67' title='bbox 997 1379 1092 1440; x_wconf 88' lang='lat' dir='ltr'>leonis</span> 
     </span>
     <span class='ocr_line' id='line_1_12' title="bbox 324 1463 1054 1542; baseline -0.003 -16"><span class='ocrx_word' id='word_1_68' title='bbox 324 1465 415 1526; x_wconf 91' lang='lat' dir='ltr'>Pellis</span> <span class='ocrx_word' id='word_1_69' title='bbox 438 1471 511 1541; x_wconf 86' lang='lat' dir='ltr'>erat,</span> <span class='ocrx_word' id='word_1_70' title='bbox 535 1465 629 1525; x_wconf 88' lang='lat' dir='ltr'>telum</span> <span class='ocrx_word' id='word_1_71' title='bbox 652 1463 822 1542; x_wconf 84' lang='lat' dir='ltr'>splendenti</span> <span class='ocrx_word' id='word_1_72' title='bbox 844 1463 954 1524; x_wconf 81' lang='lat' dir='ltr'>lancea</span> <span class='ocrx_word' id='word_1_73' title='bbox 976 1464 1054 1524; x_wconf 81' lang='lat' dir='ltr'>ferro</span> 
     </span>
     <span class='ocr_line' id='line_1_13' title="bbox 324 1550 1134 1628; baseline 0 -18"><span class='ocrx_word' id='word_1_74' title='bbox 324 1551 362 1612; x_wconf 85' lang='lat' dir='ltr'>Et</span> <span class='ocrx_word' id='word_1_75' title='bbox 382 1551 516 1612; x_wconf 81' lang='lat' dir='ltr'>iaculum</span> <span class='ocrx_word' id='word_1_76' title='bbox 538 1550 660 1628; x_wconf 90' lang='lat' dir='ltr'>teloque</span> <span class='ocrx_word' id='word_1_77' title='bbox 685 1551 801 1610; x_wconf 91' lang='lat' dir='ltr'>animus</span> <span class='ocrx_word' id='word_1_78' title='bbox 822 1551 1023 1627; x_wconf 85' lang='lat' dir='ltr'>praestantior</span> <span class='ocrx_word' id='word_1_79' title='bbox 1044 1553 1134 1611; x_wconf 91' lang='lat' dir='ltr'>omni.</span> 
     </span>
     <span class='ocr_line' id='line_1_14' title="bbox 263 1635 1068 1713; baseline -0.005 -14"><span class='ocrx_word' id='word_1_80' title='bbox 263 1641 302 1699; x_wconf 80' lang='lat'>55</span> <span class='ocrx_word' id='word_1_81' title='bbox 326 1637 366 1697; x_wconf 91' lang='lat' dir='ltr'>Ut</span> <span class='ocrx_word' id='word_1_82' title='bbox 386 1655 493 1697; x_wconf 90' lang='lat' dir='ltr'>nemus</span> <span class='ocrx_word' id='word_1_83' title='bbox 515 1638 636 1697; x_wconf 86' lang='lat' dir='ltr'>intravit</span> <span class='ocrx_word' id='word_1_84' title='bbox 657 1636 813 1713; x_wconf 87' lang='lat' dir='ltr'>letataque</span> <span class='ocrx_word' id='word_1_85' title='bbox 836 1652 964 1713; x_wconf 81' lang='lat' dir='ltr'>corpora</span> <span class='ocrx_word' id='word_1_86' title='bbox 986 1635 1068 1711; x_wconf 90' lang='lat' dir='ltr'>vidit,</span> 
     </span>
     <span class='ocr_line' id='line_1_15' title="bbox 323 1721 1100 1800; baseline -0.001 -18"><span class='ocrx_word' id='word_1_87' title='bbox 323 1723 536 1799; x_wconf 81' lang='lat' dir='ltr'>viatoremque</span> <span class='ocrx_word' id='word_1_88' title='bbox 558 1740 651 1800; x_wconf 88' lang='lat' dir='ltr'>supra</span> <span class='ocrx_word' id='word_1_89' title='bbox 672 1722 795 1800; x_wconf 90' lang='lat' dir='ltr'>spatiosi</span> <span class='ocrx_word' id='word_1_90' title='bbox 818 1722 953 1798; x_wconf 83' lang='lat' dir='ltr'>eorporis</span> <span class='ocrx_word' id='word_1_91' title='bbox 974 1721 1100 1797; x_wconf 84' lang='lat' dir='ltr'>hostem,</span> 
     </span>
     <span class='ocr_line' id='line_1_16' title="bbox 325 1805 1110 1885; baseline -0.003 -18"><span class='ocrx_word' id='word_1_92' title='bbox 325 1807 435 1867; x_wconf 87' lang='lat' dir='ltr'>Tristia</span> <span class='ocrx_word' id='word_1_93' title='bbox 455 1808 622 1885; x_wconf 90' lang='lat' dir='ltr'>sanguinea</span> <span class='ocrx_word' id='word_1_94' title='bbox 643 1807 827 1867; x_wconf 86' lang='lat' dir='ltr'>lambentem</span> <span class='ocrx_word' id='word_1_95' title='bbox 848 1805 975 1867; x_wconf 84' lang='lat' dir='ltr'>vulnera</span> <span class='ocrx_word' id='word_1_96' title='bbox 996 1806 1110 1885; x_wconf 88' lang='lat' dir='ltr'>lingua:</span> 
     </span>
     <span class='ocr_line' id='line_1_17' title="bbox 325 1891 1322 2037; baseline 0.002 -85"><span class='ocrx_word' id='word_1_97' title='bbox 325 1891 406 1966; x_wconf 87' lang='lat' dir='ltr'>„Aut</span> <span class='ocrx_word' id='word_1_98' title='bbox 428 1892 509 1952; x_wconf 89' lang='lat' dir='ltr'>ultor</span> <span class='ocrx_word' id='word_1_99' title='bbox 530 1898 658 1965; x_wconf 87' lang='lat' dir='ltr'>vestrae,</span> <span class='ocrx_word' id='word_1_100' title='bbox 682 1892 827 1952; x_wconf 84' lang='lat' dir='ltr'>fidissima</span> <span class='ocrx_word' id='word_1_101' title='bbox 851 1909 986 1969; x_wconf 81' lang='lat' dir='ltr'>corpora,</span> <span class='ocrx_word' id='word_1_102' title='bbox 1010 1894 1122 1971; x_wconf 89' lang='lat' dir='ltr'>mortis,</span> <span class='ocrx_word' id='word_1_103' title='bbox 1315 1904 1322 2037; x_wconf 59' lang='lat' dir='ltr'>q</span> 
     </span>
     <span class='ocr_line' id='line_1_18' title="bbox 324 1976 1242 2056; baseline 0.007 -18"><span class='ocrx_word' id='word_1_104' title='bbox 324 1977 384 2038; x_wconf 81' lang='lat' dir='ltr'>Aut</span> <span class='ocrx_word' id='word_1_105' title='bbox 400 1978 533 2052; x_wconf 85' lang='lat' dir='ltr'>eomes“,</span> <span class='ocrx_word' id='word_1_106' title='bbox 549 1978 654 2055; x_wconf 87' lang='lat' dir='ltr'>inquit,</span> <span class='ocrx_word' id='word_1_107' title='bbox 671 1978 776 2051; x_wconf 86' lang='lat' dir='ltr'>„ero.“</span> <span class='ocrx_word' id='word_1_108' title='bbox 797 1976 888 2050; x_wconf 83' lang='lat' dir='ltr'>Dixit,</span> <span class='ocrx_word' id='word_1_109' title='bbox 905 1976 1073 2056; x_wconf 83' lang='lat' dir='ltr'>dextraque</span> <span class='ocrx_word' id='word_1_110' title='bbox 1088 1979 1242 2044; x_wconf 85' lang='lat' dir='ltr'>molarem</span> 
     </span>
     <span class='ocr_line' id='line_1_19' title="bbox 262 2061 1091 2141; baseline 0 -17"><span class='ocrx_word' id='word_1_111' title='bbox 262 2068 303 2125; x_wconf 90' lang='grc'>60</span> <span class='ocrx_word' id='word_1_112' title='bbox 327 2061 455 2123; x_wconf 87' lang='lat' dir='ltr'>Sustulit</span> <span class='ocrx_word' id='word_1_113' title='bbox 477 2070 508 2123; x_wconf 88' lang='lat' dir='ltr'>et</span> <span class='ocrx_word' id='word_1_114' title='bbox 528 2080 669 2141; x_wconf 89' lang='lat' dir='ltr'>magnum</span> <span class='ocrx_word' id='word_1_115' title='bbox 692 2081 799 2140; x_wconf 87' lang='lat' dir='ltr'>magno</span> <span class='ocrx_word' id='word_1_116' title='bbox 823 2065 980 2123; x_wconf 83' lang='lat' dir='ltr'>conamine</span> <span class='ocrx_word' id='word_1_117' title='bbox 1002 2065 1091 2125; x_wconf 90' lang='lat' dir='ltr'>misit.</span> 
     </span>
     <span class='ocr_line' id='line_1_20' title="bbox 325 2147 1030 2227; baseline 0.001 -19"><span class='ocrx_word' id='word_1_118' title='bbox 325 2148 408 2208; x_wconf 91' lang='lat' dir='ltr'>lllius</span> <span class='ocrx_word' id='word_1_119' title='bbox 429 2148 552 2227; x_wconf 90' lang='lat' dir='ltr'>inpulsu</span> <span class='ocrx_word' id='word_1_120' title='bbox 575 2166 645 2208; x_wconf 88' lang='lat' dir='ltr'>eum</span> <span class='ocrx_word' id='word_1_121' title='bbox 666 2147 798 2208; x_wconf 84' lang='lat' dir='ltr'>turribus</span> <span class='ocrx_word' id='word_1_122' title='bbox 822 2147 918 2208; x_wconf 89' lang='lat' dir='ltr'>ardua</span> <span class='ocrx_word' id='word_1_123' title='bbox 940 2149 1030 2210; x_wconf 87' lang='lat' dir='ltr'>oelais</span> 
     </span>
     <span class='ocr_line' id='line_1_21' title="bbox 324 2234 1205 2315; baseline 0.005 -20"><span class='ocrx_word' id='word_1_124' title='bbox 324 2234 443 2295; x_wconf 83' lang='lat' dir='ltr'>Moenia</span> <span class='ocrx_word' id='word_1_125' title='bbox 464 2240 547 2295; x_wconf 90' lang='lat' dir='ltr'>mota</span> <span class='ocrx_word' id='word_1_126' title='bbox 568 2234 679 2294; x_wconf 83' lang='lat' dir='ltr'>forent:</span> <span class='ocrx_word' id='word_1_127' title='bbox 703 2252 828 2312; x_wconf 88' lang='lat' dir='ltr'>serpens</span> <span class='ocrx_word' id='word_1_128' title='bbox 850 2234 914 2294; x_wconf 89' lang='lat' dir='ltr'>sine</span> <span class='ocrx_word' id='word_1_129' title='bbox 936 2234 1060 2296; x_wconf 88' lang='lat' dir='ltr'>vulnere</span> <span class='ocrx_word' id='word_1_130' title='bbox 1081 2240 1205 2315; x_wconf 88' lang='lat' dir='ltr'>mansit,</span> 
     </span>
     <span class='ocr_line' id='line_1_22' title="bbox 324 2319 1321 2398; baseline 0.002 -18"><span class='ocrx_word' id='word_1_131' title='bbox 324 2319 512 2398; x_wconf 88' lang='lat' dir='ltr'>Lorioaeque</span> <span class='ocrx_word' id='word_1_132' title='bbox 534 2319 625 2379; x_wconf 89' lang='lat' dir='ltr'>modo</span> <span class='ocrx_word' id='word_1_133' title='bbox 647 2321 781 2397; x_wconf 89' lang='lat' dir='ltr'>squamis</span> <span class='ocrx_word' id='word_1_134' title='bbox 803 2319 946 2380; x_wconf 83' lang='lat' dir='ltr'>defensus</span> <span class='ocrx_word' id='word_1_135' title='bbox 969 2327 999 2380; x_wconf 87' lang='lat' dir='ltr'>et</span> <span class='ocrx_word' id='word_1_136' title='bbox 1022 2328 1105 2382; x_wconf 88' lang='lat' dir='ltr'>atrae</span> <span class='ocrx_word' id='word_1_137' title='bbox 1320 2340 1321 2347; x_wconf 51' lang='lat'>¹</span> 
     </span>
     <span class='ocr_line' id='line_1_23' title="bbox 323 2392 1320 2483; baseline 0.001 -18"><span class='ocrx_word' id='word_1_138' title='bbox 323 2404 439 2466; x_wconf 89' lang='lat' dir='ltr'>Duritia</span> <span class='ocrx_word' id='word_1_139' title='bbox 460 2404 557 2482; x_wconf 90' lang='lat' dir='ltr'>pellis,</span> <span class='ocrx_word' id='word_1_140' title='bbox 580 2404 698 2465; x_wconf 89' lang='lat' dir='ltr'>validos</span> <span class='ocrx_word' id='word_1_141' title='bbox 721 2412 792 2466; x_wconf 86' lang='lat' dir='ltr'>oute</span> <span class='ocrx_word' id='word_1_142' title='bbox 814 2405 945 2483; x_wconf 88' lang='lat' dir='ltr'>reppulit</span> <span class='ocrx_word' id='word_1_143' title='bbox 965 2407 1054 2468; x_wconf 79' lang='lat' dir='ltr'>ictus.</span> <span class='ocrx_word' id='word_1_144' title='bbox 1318 2392 1320 2449; x_wconf 63' lang='lat' dir='ltr'>i</span> 
     </span>
     <span class='ocr_line' id='line_1_24' title="bbox 262 2452 1320 2599; baseline 0.004 -50"><span class='ocrx_word' id='word_1_145' title='bbox 262 2494 300 2550; x_wconf 85' lang='lat'>65</span> <span class='ocrx_word' id='word_1_146' title='bbox 323 2490 363 2550; x_wconf 87' lang='lat' dir='ltr'>At</span> <span class='ocrx_word' id='word_1_147' title='bbox 383 2509 444 2551; x_wconf 91' lang='lat' dir='ltr'>non</span> <span class='ocrx_word' id='word_1_148' title='bbox 466 2490 576 2551; x_wconf 87' lang='lat' dir='ltr'>duritia</span> <span class='ocrx_word' id='word_1_149' title='bbox 597 2491 731 2552; x_wconf 80' lang='lat' dir='ltr'>iaculum</span> <span class='ocrx_word' id='word_1_150' title='bbox 754 2509 875 2569; x_wconf 88' lang='lat' dir='ltr'>quoqne</span> <span class='ocrx_word' id='word_1_151' title='bbox 896 2491 969 2551; x_wconf 85' lang='lat' dir='ltr'>vicit</span> <span class='ocrx_word' id='word_1_152' title='bbox 991 2493 1107 2566; x_wconf 88' lang='lat' dir='ltr'>eadem,</span> <span class='ocrx_word' id='word_1_153' title='bbox 1318 2452 1320 2599; x_wconf 67' lang='grc' dir='ltr'>Ι</span> 
     </span>
     <span class='ocr_line' id='line_1_25' title="bbox 324 2575 1319 2655; baseline 0.004 -20"><span class='ocrx_word' id='word_1_154' title='bbox 324 2575 414 2648; x_wconf 83' lang='lat' dir='ltr'>Quod</span> <span class='ocrx_word' id='word_1_155' title='bbox 435 2576 535 2636; x_wconf 88' lang='lat' dir='ltr'>medio</span> <span class='ocrx_word' id='word_1_156' title='bbox 557 2576 657 2637; x_wconf 90' lang='lat' dir='ltr'>lentae</span> <span class='ocrx_word' id='word_1_157' title='bbox 680 2576 774 2637; x_wconf 84' lang='lat' dir='ltr'>fixum</span> <span class='ocrx_word' id='word_1_158' title='bbox 798 2577 970 2637; x_wconf 88' lang='lat' dir='ltr'>curvamine</span> <span class='ocrx_word' id='word_1_159' title='bbox 993 2579 1106 2655; x_wconf 89' lang='lat' dir='ltr'>spinae,</span> <span class='ocrx_word' id='word_1_160' title='bbox 1317 2600 1319 2649; x_wconf 50' lang='lat' dir='ltr'>l</span> 
     </span>
     <span class='ocr_line' id='line_1_26' title="bbox 324 2654 1319 2727; baseline 0.008 -8"><span class='ocrx_word' id='word_1_161' title='bbox 324 2658 465 2720; x_wconf 85' lang='lat' dir='ltr'>Constitit</span> <span class='ocrx_word' id='word_1_162' title='bbox 487 2668 518 2721; x_wconf 88' lang='lat' dir='ltr'>et</span> <span class='ocrx_word' id='word_1_163' title='bbox 537 2667 602 2722; x_wconf 89' lang='lat' dir='ltr'>toto</span> <span class='ocrx_word' id='word_1_164' title='bbox 623 2662 783 2722; x_wconf 87' lang='lat' dir='ltr'>deseendit</span> <span class='ocrx_word' id='word_1_165' title='bbox 803 2663 834 2720; x_wconf 89' lang='lat' dir='ltr'>in</span> <span class='ocrx_word' id='word_1_166' title='bbox 854 2662 906 2721; x_wconf 89' lang='lat' dir='ltr'>ilia</span> <span class='ocrx_word' id='word_1_167' title='bbox 926 2663 1014 2723; x_wconf 83' lang='lat' dir='ltr'>ferro.</span> <span class='ocrx_word' id='word_1_168' title='bbox 1316 2654 1319 2727; x_wconf 76' lang='lat' dir='ltr'>i</span> 
     </span>
     <span class='ocr_line' id='line_1_27' title="bbox 323 2744 1319 2851; baseline 0.006 -47"><span class='ocrx_word' id='word_1_169' title='bbox 323 2744 387 2819; x_wconf 89' lang='lat' dir='ltr'>Ille,</span> <span class='ocrx_word' id='word_1_170' title='bbox 412 2744 516 2806; x_wconf 91' lang='lat' dir='ltr'>dolore</span> <span class='ocrx_word' id='word_1_171' title='bbox 538 2746 631 2821; x_wconf 86' lang='lat' dir='ltr'>ferox,</span> <span class='ocrx_word' id='word_1_172' title='bbox 657 2754 750 2824; x_wconf 84' lang='lat' dir='ltr'>eaput</span> <span class='ocrx_word' id='word_1_173' title='bbox 770 2748 801 2806; x_wconf 91' lang='lat' dir='ltr'>in</span> <span class='ocrx_word' id='word_1_174' title='bbox 822 2766 880 2808; x_wconf 90' lang='lat' dir='ltr'>sua</span> <span class='ocrx_word' id='word_1_175' title='bbox 901 2754 986 2825; x_wconf 90' lang='lat' dir='ltr'>terga</span> <span class='ocrx_word' id='word_1_176' title='bbox 1006 2750 1135 2824; x_wconf 88' lang='lat' dir='ltr'>retorsit,</span> <span class='ocrx_word' id='word_1_177' title='bbox 1317 2784 1319 2851; x_wconf 74' lang='lat' dir='ltr'>l</span> 
     </span>
     <span class='ocr_line' id='line_1_28' title="bbox 323 2829 1171 2911; baseline 0.005 -21"><span class='ocrx_word' id='word_1_178' title='bbox 323 2829 516 2909; x_wconf 87' lang='lat' dir='ltr'>Vulneraque</span> <span class='ocrx_word' id='word_1_179' title='bbox 539 2833 666 2908; x_wconf 83' lang='lat' dir='ltr'>aspexit,</span> <span class='ocrx_word' id='word_1_180' title='bbox 688 2833 843 2911; x_wconf 86' lang='lat' dir='ltr'>fixumque</span> <span class='ocrx_word' id='word_1_181' title='bbox 865 2832 974 2894; x_wconf 88' lang='lat' dir='ltr'>hastile</span> <span class='ocrx_word' id='word_1_182' title='bbox 995 2835 1171 2911; x_wconf 88' lang='lat' dir='ltr'>momordit;</span> 
     </span>
     <span class='ocr_line' id='line_1_29' title="bbox 262 2915 1318 3023; baseline 0.006 -48"><span class='ocrx_word' id='word_1_183' title='bbox 262 2921 301 2976; x_wconf 78' lang='lat' dir='ltr'>to</span> <span class='ocrx_word' id='word_1_184' title='bbox 323 2916 419 2995; x_wconf 90' lang='lat' dir='ltr'>quue</span> <span class='ocrx_word' id='word_1_185' title='bbox 441 2915 495 2976; x_wconf 91' lang='lat' dir='ltr'>ubi</span> <span class='ocrx_word' id='word_1_186' title='bbox 515 2918 545 2977; x_wconf 82' lang='lat' dir='ltr'>vi</span> <span class='ocrx_word' id='word_1_187' title='bbox 566 2918 662 2978; x_wconf 89' lang='lat' dir='ltr'>multa</span> <span class='ocrx_word' id='word_1_188' title='bbox 683 2924 801 2995; x_wconf 87' lang='lat' dir='ltr'>partem</span> <span class='ocrx_word' id='word_1_189' title='bbox 822 2918 966 2979; x_wconf 83' lang='lat' dir='ltr'>labefecit</span> <span class='ocrx_word' id='word_1_190' title='bbox 986 2920 1017 2978; x_wconf 95' lang='lat' dir='ltr'>in</span> <span class='ocrx_word' id='word_1_191' title='bbox 1039 2937 1169 2996; x_wconf 88' lang='lat' dir='ltr'>omnem,</span> <span class='ocrx_word' id='word_1_192' title='bbox 1317 2966 1318 3023; x_wconf 57' lang='lat'>,</span> 
     </span>
     <span class='ocr_line' id='line_1_30' title="bbox 325 3001 1157 3081; baseline 0.004 -20"><span class='ocrx_word' id='word_1_193' title='bbox 325 3001 380 3061; x_wconf 89' lang='lat' dir='ltr'>Vix</span> <span class='ocrx_word' id='word_1_194' title='bbox 401 3008 485 3081; x_wconf 90' lang='lat' dir='ltr'>tergo</span> <span class='ocrx_word' id='word_1_195' title='bbox 509 3003 628 3080; x_wconf 83' lang='lat' dir='ltr'>eripuit3</span> <span class='ocrx_word' id='word_1_196' title='bbox 652 3003 764 3063; x_wconf 84' lang='lat' dir='ltr'>ferrum</span> <span class='ocrx_word' id='word_1_197' title='bbox 786 3010 887 3065; x_wconf 90' lang='lat' dir='ltr'>tamen</span> <span class='ocrx_word' id='word_1_198' title='bbox 909 3005 1028 3065; x_wconf 89' lang='lat' dir='ltr'>ossibus</span> <span class='ocrx_word' id='word_1_199' title='bbox 1049 3005 1157 3066; x_wconf 89' lang='lat' dir='ltr'>haesit.</span> 
     </span>
     <span class='ocr_line' id='line_1_31' title="bbox 366 3086 1160 3166; baseline 0.008 -20"><span class='ocrx_word' id='word_1_200' title='bbox 366 3086 442 3147; x_wconf 88' lang='lat' dir='ltr'>Tum</span> <span class='ocrx_word' id='word_1_201' title='bbox 464 3105 547 3165; x_wconf 84' lang='lat' dir='ltr'>vero,</span> <span class='ocrx_word' id='word_1_202' title='bbox 572 3095 735 3166; x_wconf 91' lang='lat' dir='ltr'>postquam</span> <span class='ocrx_word' id='word_1_203' title='bbox 756 3089 861 3150; x_wconf 90' lang='lat' dir='ltr'>solitas</span> <span class='ocrx_word' id='word_1_204' title='bbox 885 3091 1014 3151; x_wconf 86' lang='lat' dir='ltr'>aooessit</span> <span class='ocrx_word' id='word_1_205' title='bbox 1037 3089 1075 3150; x_wconf 89' lang='lat' dir='ltr'>ad</span> <span class='ocrx_word' id='word_1_206' title='bbox 1098 3092 1160 3152; x_wconf 88' lang='lat' dir='ltr'>iras</span> 
     </span>
     <span class='ocr_line' id='line_1_32' title="bbox 324 3171 1134 3254; baseline 0.005 -22"><span class='ocrx_word' id='word_1_207' title='bbox 324 3171 426 3233; x_wconf 87' lang='lat' dir='ltr'>Causa</span> <span class='ocrx_word' id='word_1_208' title='bbox 446 3191 560 3249; x_wconf 85' lang='lat' dir='ltr'>reeens,</span> <span class='ocrx_word' id='word_1_209' title='bbox 585 3174 682 3252; x_wconf 90' lang='lat' dir='ltr'>plenis</span> <span class='ocrx_word' id='word_1_210' title='bbox 703 3181 878 3235; x_wconf 90' lang='lat' dir='ltr'>tumuerunt</span> <span class='ocrx_word' id='word_1_211' title='bbox 898 3181 1020 3254; x_wconf 87' lang='lat' dir='ltr'>guttura</span> <span class='ocrx_word' id='word_1_212' title='bbox 1040 3178 1134 3253; x_wconf 86' lang='lat' dir='ltr'>venis,</span> 
     </span>
     <span class='ocr_line' id='line_1_33' title="bbox 324 3240 1317 3338; baseline 0.004 -19"><span class='ocrx_word' id='word_1_213' title='bbox 324 3255 498 3336; x_wconf 89' lang='lat' dir='ltr'>Spumaque</span> <span class='ocrx_word' id='word_1_214' title='bbox 519 3260 677 3336; x_wconf 88' lang='lat' dir='ltr'>pestiferos</span> <span class='ocrx_word' id='word_1_215' title='bbox 700 3260 882 3321; x_wconf 80' lang='lat' dir='ltr'>circumfluit</span> <span class='ocrx_word' id='word_1_216' title='bbox 905 3259 1007 3320; x_wconf 89' lang='lat' dir='ltr'>albida</span> <span class='ocrx_word' id='word_1_217' title='bbox 1027 3263 1131 3338; x_wconf 86' lang='lat' dir='ltr'>rietus,</span> <span class='ocrx_word' id='word_1_218' title='bbox 1314 3240 1317 3333; x_wconf 68' lang='lat' dir='ltr'>i</span> 
     </span>
     <span class='ocr_line' id='line_1_34' title="bbox 261 3344 1199 3423; baseline 0.01 -21"><span class='ocrx_word' id='word_1_219' title='bbox 261 3345 299 3402; x_wconf 80' lang='lat'>75</span> <span class='ocrx_word' id='word_1_220' title='bbox 322 3344 475 3421; x_wconf 88' lang='lat' dir='ltr'>Terraque</span> <span class='ocrx_word' id='word_1_221' title='bbox 497 3362 567 3405; x_wconf 89' lang='lat' dir='ltr'>rasa</span> <span class='ocrx_word' id='word_1_222' title='bbox 588 3352 676 3407; x_wconf 89' lang='lat' dir='ltr'>sonat</span> <span class='ocrx_word' id='word_1_223' title='bbox 697 3348 840 3423; x_wconf 84' lang='lat' dir='ltr'>squamis,</span> <span class='ocrx_word' id='word_1_224' title='bbox 864 3346 976 3423; x_wconf 93' lang='lat' dir='ltr'>quique</span> <span class='ocrx_word' id='word_1_225' title='bbox 997 3348 1110 3408; x_wconf 89' lang='lat' dir='ltr'>halitus</span> <span class='ocrx_word' id='word_1_226' title='bbox 1134 3351 1199 3411; x_wconf 85' lang='lat' dir='ltr'>exit</span> 
     </span>
     <span class='ocr_line' id='line_1_35' title="bbox 323 3396 1316 3509; baseline 0.003 -19"><span class='ocrx_word' id='word_1_227' title='bbox 323 3428 382 3490; x_wconf 89' lang='lat' dir='ltr'>Ore</span> <span class='ocrx_word' id='word_1_228' title='bbox 403 3431 487 3509; x_wconf 88' lang='lat' dir='ltr'>niger</span> <span class='ocrx_word' id='word_1_229' title='bbox 509 3427 619 3508; x_wconf 81' lang='lat' dir='ltr'>Stygio,</span> <span class='ocrx_word' id='word_1_230' title='bbox 645 3433 766 3491; x_wconf 85' lang='lat' dir='ltr'>vitiatas</span> <span class='ocrx_word' id='word_1_231' title='bbox 787 3430 883 3490; x_wconf 81' lang='lat' dir='ltr'>inficit</span> <span class='ocrx_word' id='word_1_232' title='bbox 905 3449 1003 3492; x_wconf 86' lang='lat' dir='ltr'>auras.</span> <span class='ocrx_word' id='word_1_233' title='bbox 1313 3396 1316 3501; x_wconf 66' lang='lat' dir='ltr'>i</span> 
     </span>
     <span class='ocr_line' id='line_1_36' title="bbox 321 3514 1131 3593; baseline 0.007 -20"><span class='ocrx_word' id='word_1_234' title='bbox 321 3514 389 3591; x_wconf 89' lang='lat' dir='ltr'>Ipse</span> <span class='ocrx_word' id='word_1_235' title='bbox 410 3515 501 3575; x_wconf 89' lang='lat' dir='ltr'>modo</span> <span class='ocrx_word' id='word_1_236' title='bbox 523 3517 692 3577; x_wconf 87' lang='lat' dir='ltr'>inmensum</span> <span class='ocrx_word' id='word_1_237' title='bbox 713 3517 801 3593; x_wconf 88' lang='lat' dir='ltr'>spiris</span> <span class='ocrx_word' id='word_1_238' title='bbox 823 3515 1003 3577; x_wconf 85' lang='lat' dir='ltr'>iacientibus</span> <span class='ocrx_word' id='word_1_239' title='bbox 1026 3518 1131 3579; x_wconf 84' lang='lat' dir='ltr'>orbem</span> 
     </span>
     <span class='ocr_line' id='line_1_37' title="bbox 324 3596 1121 3680; baseline 0.005 -20"><span class='ocrx_word' id='word_1_240' title='bbox 324 3596 467 3679; x_wconf 86' lang='lat' dir='ltr'>Cingitur,</span> <span class='ocrx_word' id='word_1_241' title='bbox 489 3600 640 3661; x_wconf 88' lang='lat' dir='ltr'>interdum</span> <span class='ocrx_word' id='word_1_242' title='bbox 661 3600 751 3679; x_wconf 90' lang='lat' dir='ltr'>longa</span> <span class='ocrx_word' id='word_1_243' title='bbox 773 3600 858 3662; x_wconf 88' lang='lat' dir='ltr'>trabe</span> <span class='ocrx_word' id='word_1_244' title='bbox 880 3604 991 3665; x_wconf 81' lang='lat' dir='ltr'>rectior</span> <span class='ocrx_word' id='word_1_245' title='bbox 1013 3609 1121 3680; x_wconf 87' lang='lat' dir='ltr'>exstat,</span> 
     </span>
    </p>
   </div>
   <div class='ocr_carea' id='block_1_5' title="bbox 0 0 1334 4224">
    <p class='ocr_par' dir='ltr' id='par_1_6' title="bbox 0 0 1334 4224">
     <span class='ocr_line' id='line_1_38' title="bbox 0 0 1334 4224; baseline 0 1"><span class='ocrx_word' id='word_1_246' title='bbox 0 0 1334 4224; x_wconf 95' lang='lat' dir='ltr'> </span> 
     </span>
    </p>
   </div>
  </div>
 </body>
</html>
