2660 4224
374 277 506 333 Achilles.
541 279 605 333 liet.
618 279 683 347 XII,
696 281 822 332 04-628.
1055 283 1094 346 85

183 453 285 512 Hostis
309 452 404 514 adest.
449 454 612 515 Prohibent
635 455 744 529 aditus,
767 455 899 532 litusque
921 461 1044 516 tuentur

182 537 288 613 Trods3
314 545 344 598 et
365 537 517 600 Hectorea
538 542 652 619 primus
674 541 805 601 fataliter
826 541 924 617 hasta,

183 623 357 698 Protesilad,
382 625 476 699 cadis,
500 627 721 704 commissaque
743 627 859 705 proelia
880 644 989 704 magno

184 707 272 769 Stant
285 710 408 783 Danais,
431 711 575 788 fortisque
593 713 710 772 animae
724 730 801 772 nece
822 714 959 790 cognitus
974 711 1094 773 Hector.

119 798 135 851 7
142 799 159 852 0
183 795 249 854 Nec
270 794 403 873 Phryges
426 797 544 873 exiguo,
574 798 647 873 quid
669 796 806 858 Achaica
829 797 956 857 dextera
982 805 1094 876 posset,

184 879 336 958 Sanguine
359 888 528 941 sensemnt.
571 880 691 942 Etiam
714 881 804 960 Sigea
824 883 976 942 rubebant

183 965 297 1039 Litora3
321 968 382 1027 iam
404 966 465 1026 leto
488 966 589 1044 proles
610 966 770 1045 Neptunia,
795 966 925 1046 Cygnus,

92 1090 101 1101 -
182 1051 263 1111 Mille
284 1053 365 1111 viros
389 1052 530 1126 dederat;
554 1053 615 1111 iam
639 1071 729 1112 curru
751 1053 884 1114 instabat
906 1051 1039 1112 Achilles

182 1135 319 1214 Totaque
341 1136 483 1197 Peliacae
505 1136 660 1197 sternebat
683 1139 816 1215 cuspidis
838 1140 901 1197 ictu
1004 1134 1093 1217 [rens

119 1226 158 1279 75
182 1222 316 1301 Agmina,
333 1241 449 1300 perque
465 1224 548 1282 acies
565 1229 617 1283 aut
632 1220 768 1300 Cygnum
785 1229 836 1283 aut
851 1222 983 1284 Hectora
997 1241 1095 1301 quae-

184 1307 384 1387 Congreditur
406 1307 509 1387 Cygno
533 1340 555 1350 -
580 1309 732 1368 decimum
754 1308 866 1369 dilatus
887 1309 918 1368 in
941 1327 1052 1369 annum

182 1393 296 1453 Hector
318 1401 383 1454 erat
405 1412 443 1468 -;
467 1401 532 1454 tum
554 1393 634 1453 colla
655 1396 725 1471 iugo
749 1394 911 1455 candentia
933 1412 1054 1472 pressos

181 1478 365 1540 Exhortatus
388 1498 492 1556 equos,
516 1497 638 1539 currum
660 1479 769 1539 direxit
790 1481 821 1537 in
842 1479 969 1554 hostem,

183 1562 428 1641 Concutiensque
451 1565 514 1624 suis
535 1563 684 1624 vibrantia
705 1564 768 1623 tela
788 1564 923 1622 lacertis:

120 1650 160 1708 80
183 1650 348 1726 „Quisquis
371 1668 413 1722 es,
437 1667 455 1707 o
477 1648 625 1722 iuvenis“,
649 1649 733 1722 dixit,
757 1648 913 1721 „solamen
934 1647 1047 1708 habeto

183 1733 296 1806 Mortis,
322 1732 360 1791 ab
382 1732 547 1792 Haemonio
570 1733 652 1809 quod
675 1733 715 1790 sis
736 1732 889 1811 iugulatus
911 1731 1059 1793 Achille.“

184 1817 341 1876 Hactenus
355 1815 515 1876 Aeacides.
547 1815 661 1876 Vocem
682 1818 780 1895 gravis
805 1817 894 1878 hasta
915 1825 1023 1879 secuta
1039 1824 1093 1877 est.

186 1899 248 1961 Sed
271 1920 454 1979 quamquam
477 1908 561 1962 certa
582 1902 683 1962 nullus
705 1902 761 1962 fuit
784 1921 866 1963 error
886 1904 917 1962 in
938 1903 1036 1978 hasta,

185 1986 233 2046 Nil
255 1993 356 2047 tamen
379 1989 479 2047 emissi
500 1987 628 2065 proiecit
650 1989 789 2048 acumine
811 1989 890 2062 ferri,

123 2074 161 2130 85
185 2072 283 2150 thue
306 2073 408 2133 hebeti
430 2079 538 2151 pectus
560 2073 769 2134 tantummodo
792 2073 930 2133 contudit
951 2074 1024 2132 ictu.

184 2159 282 2234 „Nate
304 2157 373 2234 dea,
395 2176 466 2219 nam
488 2165 518 2218 te
541 2159 623 2219 lama
643 2158 886 2237 praenovimus“,
908 2158 1006 2234 inquit

182 2243 245 2318 lllc,
269 2244 364 2321 „quid
387 2262 406 2303 a
426 2243 514 2303 nobis
536 2245 647 2303 vulnus
668 2244 785 2304 miraris
809 2242 960 2302 abesse‘l“
984 2271 1006 2282 -

183 2328 349 2389 Mirabatur
371 2331 450 2388 enirn
473 2361 495 2371 -
520 2328 606 2400 „Non
620 2328 708 2402 haec,
732 2345 824 2405 quarn
848 2327 955 2399 cernis,
980 2326 1096 2401 equinis

184 2415 282 2474 Fulva
296 2412 375 2473 iubis
391 2415 495 2486 cassis,
518 2430 618 2489 neque
633 2430 719 2486 onus,
737 2429 815 2471 cava
828 2428 942 2487 parma,
958 2410 1096 2469 sinistrae

120 2504 159 2558 90
183 2499 304 2559 Auxilio
327 2498 399 2557 mihi
421 2503 505 2570 sunt3
530 2497 624 2555 decor
646 2503 693 2555 est
714 2496 871 2572 quaesitus
894 2494 932 2554 ab
955 2495 1028 2554 istis.

184 2585 264 2644 Mars
287 2601 409 2661 quoque
432 2583 471 2641 ob
493 2580 553 2641 hoc
576 2598 686 2658 capere
711 2600 794 2641 arma
816 2580 902 2640 solet.
945 2578 1096 2640 Remove-

591 2665 673 2725 bitur
693 2665 783 2725 huius

183 2755 333 2833 Tegminis
355 2753 502 2813 officium:
526 2758 629 2812 tamen
650 2750 844 2811 indestrictus
867 2751 967 2811 abibo.

183 2839 237 2899 Est
259 2839 384 2916 aliquid,
405 2856 465 2897 non
488 2856 556 2897 esse
579 2843 679 2897 saturn
700 2836 841 2910 Nereide,
864 2835 919 2896 sed
942 2836 994 2912 qui

183 2925 344 3002 Nereaque
367 2930 398 2983 et
418 2930 506 2983 natas
529 2929 559 2982 et
581 2929 678 2982 totum
700 2927 847 2999 temperet
870 2920 1015 2998 aequor.“

121 3013 160 3069 95
225 3010 315 3084 Dixit,
339 3014 370 3069 et
391 3009 555 3068 haesumm
577 3007 667 3085 clipei
690 3008 863 3066 curvamine
886 3005 981 3065 telum

185 3095 264 3154 Misit
284 3097 316 3154 in
337 3093 502 3167 Aeaciden,
526 3091 608 3169 quod
631 3098 662 3151 ct
685 3110 738 3152 aes
760 3098 792 3151 et
812 3092 950 3169 proxima
971 3091 1051 3169 rupit

185 3181 282 3257 Terga
302 3198 421 3240 novena
442 3180 544 3252 boum,
574 3178 693 3236 decimo
722 3183 824 3236 tamen
851 3176 924 3236 orbe
947 3182 1097 3236 moratum

184 3267 307 3325 Excutit
327 3265 387 3324 hoc
409 3264 508 3337 heros,
532 3281 696 3339 rursusque
718 3262 877 3321 trementia
898 3261 966 3320 forti
1028 3257 1095 3339 [est.

186 3351 260 3410 Tela
281 3369 373 3410 manu
395 3350 493 3423 torsit3
518 3366 622 3407 rursus
644 3348 708 3406 sine
729 3347 854 3406 vulnere
877 3363 988 3424 corpus

105 3440 162 3497 100
187 3435 404 3511 Sincerumque
427 3435 491 3493 fuit.
536 3431 601 3492 Nec
622 3432 712 3491 tertia
734 3433 834 3508 cuspis
858 3436 995 3508 apertum

185 3520 223 3581 Et
250 3539 284 3580 sc
312 3518 506 3597 praebentem
530 3517 625 3577 valuit
652 3517 835 3594 destringere
860 3512 1004 3592 Cygnum.
1027 3548 1049 3557 -
1075 3547 1095 3556 —

110 3609 165 3666 128
188 3605 265 3666 Tum
286 3622 358 3664 vero
380 3622 528 3681 praeceps
552 3620 642 3663 curru
664 3600 880 3661 fremebundus
903 3600 940 3660 ab
966 3600 1026 3660 alto
