2660 4224
175 230 297 287 Cadmus
309 232 365 285 und
378 231 424 286 die
436 229 591 300 Grtlndung
602 229 740 287 Thebans.
767 230 833 286 Met.
844 229 895 296 lIl,
912 233 1018 286 1-137.
1054 236 1092 296 31

186 409 280 468 Furta
290 406 390 467 lovisl
409 439 431 448 -
448 408 591 485 profugus
605 408 793 485 patriamque
809 408 946 485 iramque
963 409 1095 485 parentis

186 493 267 553 Vitat
287 491 472 571 Agenorides
494 492 669 570 Phoebique
692 492 818 553 oracula
839 493 968 571 supplex

189 578 325 639 Consulit
348 585 386 654 et,
411 597 489 657 quae
511 581 550 638 sit
571 578 661 639 tellus
684 578 858 654 habitanda,
882 579 1015 655 requirit.

123 668 162 724 10
188 665 267 739 „Bos
289 664 372 740 tibi“‚
396 664 537 724 Phoebus
561 665 610 739 ait,
635 664 727 738 „solis
748 670 890 725 occurret
910 666 942 723 in
965 664 1052 738 arne,

187 750 310 811 Nullum
331 768 423 828 passa
444 752 547 828 iugum
570 752 715 828 curvique
738 751 867 810 inmunis
890 751 994 823 aratri;

187 836 252 895 Hac
275 836 354 895 duce
377 853 468 913 carpe
490 838 555 895 vias
578 842 615 911 et,
641 854 702 914 qua
717 836 905 913 requieverit
925 836 1029 912 herba,

187 922 304 981 Moenia
325 922 374 981 iac
398 921 522 996 condas,
544 921 729 999 Boeotiaque
752 921 805 980 illa
826 921 967 981 vocato.“

228 1007 284 1066 Vix
306 1008 385 1066 bene
409 1005 542 1067 Castalio
566 1006 700 1067 Cadmus
723 1005 924 1067 descenderat
947 1011 1042 1080 antro,

125 1097 163 1152 15
186 1092 405 1153 incustoditam
427 1093 508 1152 lente
530 1093 614 1152 videt
634 1094 678 1152 ire
700 1093 869 1167 iuvencam,

185 1178 309 1242 Nullum
331 1179 442 1238 servitii
463 1180 581 1257 signum
604 1179 723 1238 cervice
746 1184 909 1256 gerentem.

186 1263 388 1341 Subsequitur
408 1282 575 1343 pressoque
597 1263 669 1343 legit
692 1265 817 1341 vestigia
838 1282 951 1340 gressu,

185 1349 409 1428 Auctoremque
431 1352 499 1410 viae
521 1349 677 1410 Phoebum
698 1352 866 1410 taciturnus
889 1349 1004 1409 adorat.

185 1435 248 1495 lam
269 1436 350 1496 vada
372 1434 493 1515 Cephisi
516 1435 714 1513 Panopesque
738 1441 876 1496 evaserat
900 1453 984 1494 arva:

120 1524 160 1579 20
184 1520 244 1581 Bos
266 1523 349 1580 stetit
372 1528 410 1594 et,
432 1521 542 1581 tollens
565 1522 736 1597 speciosam
759 1519 901 1579 cornibus
924 1519 991 1579 altis

185 1606 233 1666 Ad
257 1606 377 1666 caelum
398 1606 534 1680 frontem,
558 1604 722 1680 mugitibus
743 1603 861 1682 impulit
884 1621 986 1680 auras3

187 1691 287 1767 Atque
309 1692 359 1764 ita,
384 1690 549 1767 respiciens
571 1690 696 1748 comites
718 1707 775 1749 sua
796 1695 879 1767 terga
901 1696 1069 1766 sequentes,

187 1774 353 1833 Procubuit
374 1779 540 1851 teneraque
562 1774 642 1833 latus
664 1775 811 1834 summisit
832 1775 862 1833 in
883 1773 986 1835 herba.

190 1857 323 1919 Cadmus
346 1860 406 1936 agit
427 1866 527 1937 grates
548 1861 782 1938 peregrinaeque
805 1860 911 1920 oscula
933 1867 1030 1922 terrae

125 1947 164 2003 25
188 1944 266 2022 Figit
288 1950 318 2004 et
339 1946 455 2023 ignotos
478 1952 594 2005 montes
618 1964 765 2024 agrosque
787 1945 908 2006 salutat.

187 2029 282 2090 Sacra
302 2030 365 2089 lovi
386 2031 521 2091 facturus
544 2038 620 2105 erat;
644 2032 729 2092 iubet
750 2034 793 2092 ire
816 2033 966 2092 ministros

184 2115 222 2175 Et
244 2122 346 2194 petere
370 2135 386 2176 e
408 2117 484 2176 vivis
506 2117 645 2177 libandas
667 2118 800 2177 fontibus
822 2117 929 2177 undas.

166 2205 168 2208 ⁴
186 2199 268 2262 Silva
289 2208 376 2262 vetus
398 2202 508 2277 stabat,
530 2203 615 2264 nulla
636 2204 749 2263 violata
771 2204 879 2274 securi,

183 2286 221 2346 Et
242 2305 354 2364 specus
376 2288 407 2346 in
428 2289 537 2361 media,
561 2289 651 2364 virgis
674 2306 710 2347 ac
732 2288 842 2347 vimine
865 2287 987 2360 densus,

124 2375 163 2431 30
185 2372 328 2432 Efficiens
350 2372 494 2432 humilem
515 2372 651 2448 lapidum
674 2371 872 2447 compagibus
896 2388 1008 2443 areum,

185 2455 335 2516 Uberibus
357 2457 507 2516 fecundus
531 2458 625 2533 aquis,
650 2457 702 2516 ubi
725 2456 866 2514 conditus
889 2460 973 2514 antro

185 2542 309 2602 Martius
333 2543 438 2619 anguis
461 2548 535 2617 erat,
560 2542 658 2601 cristis
679 2542 844 2619 praesignis
867 2547 897 2600 et
920 2559 1007 2603 auro:

185 2628 256 2705 igne
278 2628 392 2687 micant
414 2628 503 2701 oculi,
528 2646 639 2705 corpus
660 2632 757 2687 tumet
778 2645 866 2687 omne
888 2645 1014 2702 veneno,

184 2713 318 2791 Tresque
334 2714 453 2773 vibrant
467 2714 595 2792 linguae,
619 2713 729 2792 triplici
751 2719 831 2773 stant
850 2712 954 2773 ordine
977 2713 1091 2774 dentes

123 2802 162 2859 35
186 2799 283 2871 Quem
305 2806 466 2877 postquam
487 2799 576 2877 Tyria
597 2799 701 2859 lucum
723 2799 762 2859 de
785 2805 873 2876 gente
895 2799 1022 2877 profecti

185 2884 318 2945 infausto
342 2886 466 2964 tetigere
489 2885 593 2962 gradu,
618 2884 809 2962 demissaque
831 2885 862 2943 in
882 2885 981 2944 undas

140 3038 144 3049 t
185 2969 266 3030 Urna
288 2969 373 3030 dedit
394 2971 535 3030 sonitum:
559 2969 649 3047 longo
673 2976 765 3048 caput
788 2970 895 3029 extulit
918 2976 1003 3029 antro

187 3054 352 3116 Caeruleus
374 3074 499 3134 serpens
521 3054 730 3132 horrendaque
753 3055 842 3115 sibila
862 3056 951 3115 misit.

185 3140 337 3200 Effluxere
360 3160 454 3201 urnae
475 3141 623 3212 manibus,
647 3143 828 3219 sanguisque
850 3141 991 3219 relinquit

124 3231 163 3285 40
188 3224 306 3304 Corpus
329 3233 359 3287 et
381 3228 523 3287 attonitos
545 3226 663 3285 subitus
684 3233 795 3286 tremor
817 3233 949 3303 occupat
972 3235 1063 3288 artus.

185 3312 240 3371 llle
262 3311 444 3373 volubilibus
466 3330 644 3390 squamosos
665 3312 794 3372 nexibus
816 3312 905 3372 orbes

187 3396 328 3474 Torquet,
352 3404 381 3458 et
402 3400 553 3458 inmensos
575 3398 655 3458 saltu
677 3399 813 3458 sinuatur
835 3399 865 3457 in
888 3415 985 3473 arcus,

187 3481 240 3557 Ao,
264 3482 365 3543 media
386 3483 454 3562 plus
476 3490 563 3563 parte
586 3484 669 3544 leves
692 3490 812 3544 erectus
833 3484 863 3543 in
888 3502 985 3560 auras,

187 3567 322 3645 Despicit
343 3588 430 3630 omne
444 3589 560 3645 nemus,
584 3576 728 3648 tantoque
745 3576 790 3630 est
810 3588 945 3648 corpore,
969 3576 1090 3648 quanto,
