2660 4224
333 251 387 306 Die
405 252 576 310 Wasserflut
612 255 678 311 Met.
697 256 719 320 I,
740 257 883 310 rot-ata.
1070 265 1105 324 17

197 428 271 488 Tela
292 437 486 507 reponuntur,
509 431 650 490 manibus
671 431 820 492 fabricata
843 431 1018 512 Cyelopum.

109 515 173 573 260
197 513 300 575 Poena
321 515 424 593 placet
446 517 578 577 diversa:
604 536 699 594 genus
720 519 846 579 mortale
869 519 926 578 sub
949 521 1038 580 undis

197 599 325 661 Perdere
350 607 379 660 et
402 620 440 660 ex
463 604 542 662 omni
564 603 683 663 nimbos
707 603 862 664 demittere
887 606 983 665 caelo.

162 712 219 767 Dic
243 716 442 786 Vollatreclcunp
459 717 506 770 dar
524 718 618 788 Strasc
635 718 734 771 eradblt
751 719 799 772 dus
810 720 940 789 solqende
958 720 1048 773 stunt.

432 918 465 990 4.
497 921 558 989 llie
579 921 790 991 Wassertlut.

267 1105 312 1157 (Im
325 1101 503 1144 unmlttelbaren
516 1039 737 1144 maffia„
749 1102 956 1154 Vorhergaliende.)

160 1204 222 1270 (Die
234 1188 448 1273 llberlieferung
464 1218 520 1259 von
538 1204 614 1258 einer
632 1204 816 1273 allgemeineu
829 1188 1108 1275 Cbenchwemmung

107 1280 197 1336 findet
214 1282 274 1338 sich
292 1279 350 1336 fast
366 1282 413 1338 bei
432 1281 504 1337 allen
516 1282 651 1345 lekem,
672 1282 729 1336 und
741 1297 816 1336 zuar
828 1282 870 1340 als
883 1283 945 1338 eine
957 1283 1108 1352 elgentlich

107 1359 258 1414 historisch
288 1357 518 1427 fortgepflanate,
546 1360 598 1412 mit
620 1359 670 1413 der
692 1358 863 1415 Verderbnis
886 1360 936 1414 der
959 1360 1108 1417 Menscben

107 1434 137 1488 ln
162 1434 325 1503 Beniehung
351 1434 485 1490 stehende
512 1434 753 1502 Erinnerung,
783 1435 861 1489 nicht
890 1436 931 1491 als
958 1438 1004 1489 ein
1030 1437 1108 1492 bloss

107 1510 384 1577 naturhiatorisches,
414 1527 465 1567 aus
494 1513 546 1566 der
574 1512 777 1568 vorfindlichan
806 1513 1029 1569 Bescbaffenheit
1058 1514 1108 1568 des

105 1590 272 1647 Erdbodens
290 1587 430 1642 hinterher
447 1587 631 1656 obgeleitetes
649 1588 803 1655 Ergebuis.l

237 1692 382 1771 Protinus
404 1709 516 1770 Aeoliis
540 1710 713 1787 aquilonem
736 1710 851 1770 claudit
872 1712 902 1769 in
926 1713 1025 1787 antris,

195 1796 233 1855 Et
256 1812 468 1871 quaecumque
490 1795 595 1871 fugant
617 1795 761 1856 inductas·
781 1795 903 1856 flamina
923 1796 1030 1870 nubea,

195 1880 370 1956 Emittitque
392 1879 513 1939 Notum.
558 1880 687 1940 Madidis
708 1881 805 1941 Notus
829 1882 928 1942 evolat
952 1882 1015 1955 alis,

111 1970 171 2027 265
195 1964 371 2025 Terribilem
393 1967 482 2043 picea
504 1972 603 2026 tectus
627 1967 755 2044 caligine
777 1968 909 2042 vultum3

194 2050 295 2111 Barba
318 2052 415 2128 gravis
437 2051 553 2126 nimbis,
579 2054 662 2112 canis
683 2052 749 2113 fluit
771 2053 854 2113 unda
877 2054 1002 2132 capillis,

192 2137 303 2198 Fronte
326 2138 434 2196 sedent
454 2137 594 2213 nebulae,
618 2145 720 2198 rorant
742 2157 921 2216 pennaeque
943 2141 1095 2218 sinusque.

192 2221 291 2301 thue
314 2240 404 2283 manu
426 2221 488 2282 late
510 2223 673 2301 pendentia
694 2224 799 2285 nubila
820 2227 938 2302 pressit,

192 2308 241 2367 Fit
262 2308 370 2385 fragor,
396 2315 426 2367 et
448 2308 534 2367 densi
555 2309 722 2369 funduntur
745 2311 783 2368 ab
807 2309 930 2369 aethere
952 2310 1054 2369 nimbi.

108 2396 146 2452 27
152 2397 169 2453 0
193 2393 307 2453 Nuntia
327 2392 458 2467 lunonis,
482 2394 581 2453 varios
602 2394 709 2453 induta
733 2395 860 2466 colores,

195 2477 335 2555 Concipit
356 2477 410 2536 Iris
434 2495 530 2553 aquas
553 2477 756 2554 alimentaque
778 2477 911 2537 nubibus
935 2478 1042 2538 adfert.

194 2562 375 2623 Sternuntur
396 2567 525 2638 segetes,
550 2569 581 2621 et
603 2561 762 2640 deplorata
785 2562 900 2623 colonis

193 2648 270 2709 Vota
291 2649 402 2721 iacent,
426 2647 568 2724 longique
591 2649 669 2725 perit
691 2648 778 2709 labor
799 2650 900 2709 irritus
922 2651 1000 2709 anni.

194 2734 260 2795 Nec
284 2734 371 2793 caelo
395 2739 538 2793 contenta
560 2752 615 2793 suo
640 2740 686 2793 est
706 2733 784 2794 lovis
805 2736 859 2810 ira,
883 2736 937 2795 sed
959 2735 1044 2796 illum

108 2823 169 2880 275
194 2819 361 2880 Caeruleus
383 2820 475 2879 frater
496 2820 579 2878 iuvat
602 2819 799 2880 auxiliaribus
821 2822 919 2882 undis.

195 2904 351 2966 Convocat
372 2905 422 2964 hic
446 2923 557 2965 amnes.
602 2905 661 2977 Qui
682 2912 843 2984 postquam
865 2913 948 2967 tecta
969 2909 1086 2985 tyranni

193 2991 346 3051 Intravere
369 2992 431 3050 sui:
456 2989 543 3065 „Non
566 2996 612 3049 est
633 2991 801 3052 hortamine
823 2992 911 3069 longo

193 3076 313 3150 Nune“,
338 3077 388 3148 ait,
412 3076 597 3149 „utendum3
620 3076 699 3136 vires
723 3077 868 3137 effundite
890 3076 1021 3138 vestras!

196 3159 247 3220 Sic
269 3180 346 3240 opus
370 3167 424 3221 est.
469 3159 592 3238 Aperite
615 3159 730 3235 domos,
754 3180 791 3221 ac
813 3162 892 3221 mole
914 3169 1030 3223 remota

110 3249 171 3307 280
194 3246 384 3306 Fluminibus
405 3247 514 3305 vestris
536 3250 616 3304 totas
637 3247 776 3305 inmittite
797 3246 965 3306 habenas.“

196 3331 336 3392 Iusserat.
381 3331 417 3390 Hi
439 3330 577 3403 redeunt,
602 3348 638 3389 ac
661 3330 794 3390 fontibus
817 3349 870 3391 ora
891 3332 1037 3409 relaxant,

196 3417 234 3476 Et
256 3416 411 3477 defrenato
433 3415 595 3476 volvuntur
616 3417 647 3474 in
671 3434 805 3493 aequora
828 3436 927 3478 cursu.

196 3502 264 3580 Ipse
286 3502 416 3561 tridente
438 3521 493 3562 suo
516 3508 626 3562 terram
648 3503 812 3579 percussit:
839 3508 869 3562 at
890 3503 943 3563 illa

196 3587 352 3648 Intremuit
374 3593 516 3664 motuque
538 3588 603 3647 vias
625 3588 769 3666 patefecit
791 3606 945 3667 aquarum.

167 3703 256 3754 Bone,
272 3699 338 3742 Ovld.
940 3704 955 3753 2
