2660 4224
406 243 504 302 Niobe.
539 244 825 312 Mat.VI,1to—3t².
1072 253 1111 314 51

203 417 256 481 Sic
278 422 422 498 placuere
444 421 496 497 illi,
522 422 659 499 quamvis
681 441 719 483 ea
742 427 853 483 cuncta
874 422 1038 501 placerent,

116 510 175 565 155
200 505 240 567 Ut
262 525 318 567 sua
339 508 513 585 progenies:
538 513 570 568 et
589 507 763 569 felicissima
785 514 914 569 matrum

199 591 386 653 Dicta'foret
408 592 514 668 Niobe,
534 593 563 652 si
584 612 645 653 non
666 594 724 654 sibi
746 595 811 655 visa
831 594 947 655 fuisset.

165 721 221 776 Dia
237 723 367 794 Anauajt
384 723 431 779 dar
447 723 553 778 Latona
569 724 619 779 mit
636 725 711 780 ibren
729 726 820 779 beiden
831 725 956 779 Kindern
972 725 1043 778 acird
1058 743 1115 779 carr·

111 800 220 865 irminrici,
238 800 294 853 und
310 801 373 854 alla
389 803 474 853 related
490 800 546 854 oieb
563 819 595 854 zu
614 801 697 856 abram
713 803 869 872 Ernpfaaqr
886 819 940 855 aur
956 801 1043 855 Nioba
1059 801 1117 854 will

111 877 188 931 nicht
205 875 331 942 cinaedm,
349 894 452 931 warum
463 876 577 943 Latona,
595 878 638 932 die
655 897 707 933 our
719 878 799 932 awai
808 878 914 931 Kicder
926 878 1026 942 basilea,
1037 879 1115 931 bober

112 956 203 1008 stellare
219 957 276 1020 soll,
292 956 349 1008 aad
359 955 472 1025 fordart
488 973 547 1009 com
571 958 653 1011 Vodlre
669 956 793 1027 potilicbe
810 957 909 1010 Eiram
945 957 992 1009 Da
1015 955 1115 1010 mandet

112 1031 170 1084 sicli
187 1031 292 1085 Latona
309 1049 345 1084 cra
363 1029 420 1083 iare
442 1030 583 1100 poilliclren
601 1031 708 1085 Kinder
728 1033 838 1102 (Apollo
854 1033 911 1085 aad
927 1032 1042 1098 Diana),
1061 1034 1117 1085 uad

113 1108 198 1161 duret.
214 1109 293 1162 deren
314 1106 482 1161 unaicblbora
499 1107 589 1179 Pscilc
613 1109 716 1163 sterben
737 1110 840 1164 alabald
859 1108 902 1163 die
920 1118 936 1163 7
955 1111 1040 1163 Sdbrra
1060 1110 1117 1163 aad

114 1187 185 1239 daran
203 1187 270 1240 acob
287 1185 363 1239 dier
386 1185 497 1238 Tbebtcr
514 1186 561 1239 dar
580 1186 675 1252 Nioba,
694 1186 736 1240 die
753 1187 782 1240 a'ra
799 1187 883 1242 brem
902 1188 1037 1241 Scbmerae
1054 1205 1115 1241 cer·

111 1263 223 1317 ateincrt
239 1264 297 1317 und
312 1263 352 1317 alr
368 1262 516 1316 wainender
526 1262 591 1318 Fae
601 1265 715 1335 cosdra
725 1264 907 1319 baimatliebarr
918 1266 993 1334 Barp
1006 1263 1115 1334 Sipylus

112 1342 225 1393 verrebat
242 1338 319 1395 wird.
354 1336 423 1403 (Die
439 1336 498 1391 bier
508 1339 656 1408 solpendan
680 1340 759 1392 Versa
776 1338 913 1393 achlieaaen
935 1338 991 1392 aicb
1013 1358 1048 1392 arr
1065 1339 1114 1392 dan

111 1415 209 1469 baraita
225 1418 357 1487 arfolptera
379 1415 438 1468 Tod
453 1414 499 1468 der
517 1416 603 1469 Solane
620 1420 681 1480 aa.)

241 1533 337 1593 Fama
359 1533 430 1593 mali
452 1531 617 1609 populique
641 1531 727 1591 dolor
748 1532 954 1608 lacrimaeque
977 1549 1101 1593 suorum

200 1619 275 1679 Tam
297 1617 416 1677 subitae
439 1622 568 1676 matrem
591 1622 706 1675 aemam
727 1616 829 1676 fecere
853 1618 967 1691 ruinae,

200 1703 360 1761 Mirantem
381 1701 525 1778 potuisse,
549 1701 801 1778 irascentemque,
827 1701 909 1778 quod
933 1702 998 1762 ausi

115 1792 178 1846 270
202 1786 268 1845 Hoc
291 1792 394 1845 essent
416 1783 532 1862 Superi,
557 1784 639 1862 quod
661 1791 778 1846 tantum
799 1787 872 1847 iuris
894 1787 1050 1848 haberent.

202 1871 280 1932 Nam
301 1877 389 1949 pater
409 1869 558 1948 Amphion
580 1870 658 1930 ferro
680 1890 736 1949 per
756 1879 864 1950 pectus
888 1872 999 1933 adacto

201 1956 334 2017 Finierat
355 1957 484 2017 moriens
506 1957 619 2034 pariter
640 1974 711 2016 cum
732 1956 802 2018 luce
825 1958 969 2019 dolorem.

200 2042 267 2102 Heu
290 2048 436 2120 quantum
458 2042 535 2102 haec
558 2041 655 2103 Niobe
677 2042 773 2103 Niobe
797 2043 931 2104 distabat
954 2045 992 2104 ab
1015 2044 1075 2120 illa,

203 2128 288 2201 Quae
311 2128 401 2188 modo
424 2128 527 2188 Latois
549 2128 695 2206 populum
717 2136 922 2190 summoverat
945 2131 1011 2204 aris,

115 2215 178 2272 275
202 2213 240 2274 Et
261 2214 394 2274 mediam
415 2212 527 2274 tulerat
549 2231 670 2292 gressus
692 2216 835 2292 resupina
855 2233 911 2292 per
932 2213 1047 2288 urbem,

198 2298 351 2359 Invidiosa
372 2300 443 2371 suis,
470 2305 501 2358 at
522 2316 604 2358 nunc
625 2298 799 2358 miseranda
820 2298 870 2357 vel
891 2298 984 2358 hostii

200 2382 386 2462 Corporibus
408 2383 514 2460 gelidis
536 2382 692 2456 incumbit,
718 2389 748 2441 et
770 2382 875 2442 ordine
897 2381 981 2442 nullo

200 2469 316 2530 Oscula
338 2469 495 2546 dispensat
515 2474 605 2528 natos
627 2485 769 2543 suprema
790 2485 845 2545 per
866 2486 981 2528 omnes.

199 2554 225 2615 A
248 2554 358 2632 quibus
382 2552 421 2612 ad
446 2552 565 2613 caelum
587 2551 711 2612 liventia
732 2551 878 2613 bracchia
899 2552 1021 2613 tollens:

113 2643 176 2700 280
200 2639 361 2715 „Pascere‚
386 2638 527 2712 crudelis,
550 2643 662 2711 nostro,
686 2637 810 2714 Latona,
835 2638 947 2716 dolore,

199 2725 362 2802 Pascere“,
388 2726 438 2800 ait,
462 2725 621 2802 „satiaque
643 2742 712 2784 meo
735 2729 789 2785 tua
810 2731 937 2802 pectora
958 2725 1056 2799 luctu,

201 2811 320 2890 Corque
343 2811 440 2871 ferum
463 2811 570 2885 satia“,
595 2810 685 2886 dixit;
710 2829 786 2889 „per
807 2811 915 2871 funera
937 2816 1055 2888 septem

198 2897 325 2970 Ederor3
351 2896 478 2971 exsulta,
503 2897 672 2974 victrixque
696 2897 817 2956 inimica
839 2894 1003 2974 triumphat

200 2982 261 3043 Cur
283 2989 385 3043 autem
407 2981 538 3042 victrixl
559 2983 687 3041 miserae
708 2980 780 3040 mihi
802 2981 891 3059 plura
912 2987 1083 3059 supersunt,

113 3070 176 3129 285
200 3068 298 3141 Quam
319 3069 374 3128 tibi
395 3067 487 3129 felici.
530 3065 610 3127 Post
623 3072 678 3138 tot,
692 3084 814 3144 quoque
836 3067 944 3127 funera
965 3066 1085 3128 vinco.“

239 3153 378 3228 Dixerat3
402 3160 433 3213 et
454 3153 555 3213 sonuit
578 3157 719 3212 contento
741 3169 851 3212 nervus
875 3151 913 3212 ab
937 3169 1020 3226 arcu,

199 3240 257 3313 Qui
279 3244 399 3317 praeter
421 3238 541 3298 Nioben
563 3255 655 3298 unam
678 3238 843 3297 conterruit
865 3255 977 3296 omnes.

197 3325 254 3385 llla
275 3323 355 3383 malo
379 3330 425 3384 est
448 3324 558 3384 audax.
604 3320 734 3382 Stabant
756 3340 825 3381 cum
848 3322 984 3381 vestibus
1008 3322 1079 3382 atris

198 3410 276 3470 Ante
298 3415 381 3469 toros
402 3409 528 3470 fratrum
551 3408 682 3468 demisso
706 3407 788 3467 crine
811 3424 946 3482 sorores,

114 3499 176 3556 ‘290
199 3495 223 3556 E
246 3494 357 3573 quibus
380 3513 448 3570 una,
473 3495 596 3555 trahens
617 3492 776 3555 haerentia
797 3494 913 3553 viscere
935 3491 1006 3568 tela,

200 3581 332 3659 Inposita
354 3579 438 3641 fratri
460 3579 639 3642 moribunda
660 3578 811 3657 relanguit
834 3597 895 3641 ore.

917 3693 955 3744 4*
