2660 4228
274 302 316 362 96
456 295 542 350 Cbsar
559 297 617 350 und
634 294 790 365 Angustus.
827 296 893 350 hiet.
905 296 969 361 XV,
983 297 1130 350 tte-879.

360 470 473 533 Ferrea
493 489 554 532 non
575 476 703 549 possunt
724 477 861 531 retemm
884 471 1009 531 decreta
1030 489 1180 547 sororum,

360 556 453 635 Signa
474 564 575 617 tamen
597 556 699 617 luctus
722 556 796 616 dant
816 556 891 616 haut
912 558 1029 617 incerta
1051 556 1154 616 futuri.

359 642 451 703 Arma
472 644 571 702 ferunt
592 643 671 702 inter
691 643 792 719 nigras
815 643 994 720 crepitantia
1015 642 1115 702 nubes
1308 574 1310 715 1

359 728 580 806 Terribilesque
603 728 694 787 tubas
717 728 883 804 auditaque
907 745 1022 787 cornua
1044 727 1133 787 caelo

276 816 336 873 785
360 814 592 874 Praemonuisse
614 813 709 873 nefas.
754 812 869 873 Phoebi
891 831 1013 890 quoque
1035 813 1129 872 tristis
1152 815 1249 891 imago

359 899 473 960 Lurida
494 898 631 959 sollicitis
653 898 820 977 praebebat
841 898 956 959 lumina
976 899 1073 958 terris.

361 983 460 1063 Saepe
483 986 568 1045 faces
589 986 672 1044 visae
695 984 802 1044 mediis
826 984 933 1044 ardere
955 983 1012 1042 sub
1036 985 1135 1057 astris,

360 1069 459 1149 Saepe
482 1072 560 1130 inter
581 1070 700 1129 nimbos
723 1076 827 1146 guttae
851 1069 991 1129 cecidere
1015 1075 1170 1130 cruentae.
1309 1098 1310 1187 p

361 1156 509 1216 Caerulus
532 1163 563 1215 et
583 1155 700 1215 vultum
722 1155 872 1232 ferrugine
894 1154 1015 1214 Lucifer
1038 1161 1105 1214 atra

277 1244 336 1300 780
361 1240 491 1320 Sparsus
515 1247 587 1316 erat,
612 1241 709 1318 sparsi
730 1240 852 1300 lunares
874 1241 1019 1317 sanguine
1043 1259 1161 1299 currus.

359 1326 468 1386 Tristia
489 1325 570 1385 mille
592 1325 668 1385 locis
692 1323 812 1403 Stygius
835 1326 920 1386 dedit
941 1326 1042 1385 omina
1063 1325 1162 1399 bub03

359 1412 440 1472 Mille
461 1411 539 1471 locis
558 1411 728 1471 lacrimavit
751 1410 835 1486 ebur,
860 1417 1029 1488 cantusque
1052 1411 1192 1471 feruntur

359 1497 462 1557 Auditi
484 1497 597 1556 sanctis
620 1502 650 1556 et
671 1496 765 1555 verba
786 1497 931 1556 minantia
951 1495 1038 1555 lucis.

359 1583 487 1643 Victima
508 1582 594 1642 nulla
614 1581 689 1656 litat,
713 1600 901 1658 magnosque
923 1582 1036 1642 instare
1058 1582 1209 1643 tumultus

276 1671 335 1727 795
359 1668 451 1729 Fibra
472 1673 584 1742 monet,
609 1685 795 1744 caesumque
819 1674 911 1744 caput
932 1668 1081 1744 reperitur
1103 1669 1134 1726 in
1158 1670 1242 1727 extis.

358 1756 453 1832 Inque
475 1754 540 1813 foro
564 1754 740 1830 circumque
763 1752 869 1812 domos
892 1758 923 1810 et
944 1752 1059 1830 templa
1082 1751 1212 1813 deorum

358 1840 530 1900 Noetumos
552 1838 686 1899 ululasse
710 1856 812 1912 canes,
835 1838 1020 1915 umbrasque
1042 1837 1186 1897 silentum

358 1925 512 1984 Erravisse
534 1924 643 1995 ferunt,
666 1929 840 2000 motamque
862 1922 1043 1983 tremoribus
1065 1923 1183 1983 urbem.

401 2010 468 2069 Non
490 2014 592 2069 tamen
613 2008 738 2068 insidias
759 2015 947 2086 venturaque
969 2010 1091 2069 vincere
1114 2010 1179 2069 tata

274 2096 335 2155 800
358 2094 567 2155 Prasmonitus
587 2100 714 2172 potuere
738 2093 843 2166 dadm;
868 2095 1024 2172 strictique
1047 2095 1188 2155 feruntur

357 2181 390 2240 ln
411 2179 558 2257 templum
580 2178 684 2256 gladii3
711 2196 812 2256 neque
836 2181 914 2239 enirn
936 2179 1023 2239 locus
1044 2178 1125 2239 ullus
1148 2182 1180 2240 in
1202 2182 1267 2242 mbo

357 2266 405 2326 Ad
426 2265 544 2324 facinus
565 2265 722 2341 diramque
743 2265 855 2342 placet,
877 2266 935 2324 nisi
957 2266 1050 2341 curia,
1076 2267 1216 2326 eaedem.
1308 2304 1309 2311 ,

356 2351 433 2412 Tum
454 2368 527 2410 vero
551 2348 701 2429 Cytherea
723 2369 814 2410 manu
836 2352 987 2428 percussit
1009 2356 1140 2428 utraque
1308 2344 1309 2355 ’

357 2437 477 2512 Pectus,
503 2442 533 2496 et
555 2436 690 2496 aetheria
711 2435 833 2495 molitur
855 2435 988 2495 condere
1010 2436 1102 2511 nube,

274 2524 333 2581 805
358 2523 426 2595 Qua
446 2523 530 2599 prius
551 2522 660 2581 infesto
682 2520 766 2580 Paris
790 2527 835 2581 est
858 2527 979 2599 ereptus
1001 2519 1137 2597 Atridae,

356 2608 393 2667 Et
414 2606 596 2666 Diomedeos
617 2605 738 2666 Aeneas
760 2606 879 2684 fugerat
901 2625 1000 2666 enses.

356 2692 480 2753 Talibus
500 2693 581 2751 hanc
604 2692 732 2768 genitor:
757 2689 851 2766 „Sola
872 2691 1076 2770 insuperabile
1099 2693 1207 2771 fatum,

356 2777 444 2852 Nata,
467 2794 589 2836 movere
612 2776 724 2854 parasf
746 2778 839 2838 intres
860 2777 933 2837 licet
954 2779 1021 2855 ipsa
1042 2796 1183 2839 sororum

357 2857 455 2922 Tecta
476 2863 578 2923 trium:
604 2879 710 2921 cernes
732 2862 794 2921 illio
816 2863 968 2922 molimine
990 2870 1077 2924 vasto

272 2951 333 3007 810
355 2947 401 3008 Ex
424 2965 494 3008 aere
517 2953 547 3007 st
568 2947 666 3007 solido
688 2966 788 3007 rerum
810 2947 962 3008 tabularia
977 2948 1066 3024 ferro,

356 3034 442 3106 Quae
463 3051 563 3111 neque
587 3050 769 3094 concussum
792 3034 877 3109 caeli,
906 3051 1007 3110 neque
1029 3033 1163 3094 fulminis
1188 3038 1258 3097 iram

355 3119 421 3180 Nec
443 3125 582 3179 metuunt
603 3117 691 3192 ullas,
714 3123 780 3178 tuta
803 3125 894 3196 atque
917 3124 1051 3194 aeterna,
1074 3121 1188 3182 ruinas.

355 3205 492 3264 Invenies
513 3203 576 3263 illic
597 3204 717 3264 inclusa
739 3203 900 3264 adamante
921 3206 1047 3281 perenni

275 3330 278 3335 ,
355 3288 433 3350 Fata
454 3291 498 3348 tui
520 3290 646 3366 generis.
690 3288 763 3366 Legi
785 3291 850 3367 ipse
875 3290 1036 3367 animoque
1057 3293 1172 3367 notari,

273 3378 332 3435 815
355 3374 393 3435 Ε1
414 3375 551 3449 referam,
573 3393 613 3435 ne
635 3376 676 3434 sis
699 3376 863 3435 etiamnum
884 3376 989 3452 ignara
1009 3376 1111 3434 futuri.

354 3461 411 3520 Hie
433 3479 490 3521 sua
512 3460 683 3539 complevit,
705 3478 760 3537 pro
782 3478 852 3537 quo,
878 3458 1037 3538 Cytherea,
1060 3460 1185 3522 laboras

355 3545 511 3624 Tempora,
536 3546 686 3624 perfectis,
711 3563 787 3621 quos
809 3551 909 3605 terrae
932 3545 1045 3620 debuit,
1071 3549 1168 3607 annis.

355 3629 394 3691 Ut
416 3630 493 3691 deus
517 3632 647 3692 accedat
669 3629 756 3690 caelo
780 3630 959 3709 templisque
981 3631 1111 3697 locetur.
