2660 4224
219 253 260 316 28
503 248 655 304 Phaethon.
690 250 754 304 Met
767 249 805 313 ΙΙ,
821 250 928 302 1-328.

303 425 422 485 Tollere
446 431 608 485 consuetas
632 424 745 485 audent
768 423 926 501 delphines
948 425 978 484 in
1003 443 1103 486 auras.

305 509 440 588 Corpora
461 513 629 588 phocarum
651 528 767 570 summo
790 511 932 588 resupina
953 511 1102 589 profundo

303 595 483 657 Exanimata
503 603 617 657 natant.
660 596 763 674 ipsum
789 614 910 673 quoque
932 595 1032 656 Nerea
1058 597 1140 657 fama
1171 606 1226 658 est

303 680 476 760 Doridaque
501 689 530 743 et
551 688 639 742 natas
661 682 770 760 tepidis
793 681 917 742 latuisse
940 682 997 742 sub
1021 684 1123 742 antris.

219 769 280 827 270
303 767 361 826 Ter
382 768 540 846 Neptunus
564 770 650 846 aquis
673 786 743 826 cum
764 773 850 826 torvo
873 767 1019 828 bracchia
1040 769 1126 828 vultu

303 851 450 913 Exserere
474 873 566 914 ausus
589 859 667 914 erat:
691 860 736 913 ter
758 871 818 913 non
840 853 908 912 tulit
931 855 1009 913 adria
1031 855 1125 930 ignes.

540 1024 562 1075 5
590 1019 796 1076 Phaethons
814 1019 895 1074 Tod

596 1101 801 1212 11(vm-328.)

374 1175 447 1223 (Iino
448 1175 595 1214 rmricttlbare
623 1173 776 1215 :moriemini
776 1171 1064 1222 nmdasvhergenehed)

219 1283 279 1340 272
302 1259 397 1340 Alma
419 1288 521 1340 tamen
542 1280 710 1356 Tellus‚tu
698 1286 797 1341 terat
785 1278 1008 1339 tcircumdata
976 1286 1130 1357 tponto‚

305 1366 351 1425 Int
339 1373 385 1427 ter
408 1385 503 1443 aquas
526 1366 626 1444 pelagi
649 1371 884 1462 contractosque
906 1366 1040 1443 undique
1063 1366 1172 1443 sontes,

303 1450 379 1524 Qui
383 1470 417 1512 se
440 1451 669 1511 condiderant
628 1458 692 1511 tm
714 1469 831 1528 opacae
853 1451 973 1510 viscera
994 1453 1107 1526 matris,

218 1541 279 1596 275
304 1536 431 1599 Sustulit
450 1539 621 1612 omniferos‚
649 1537 839 1597 collotenus
862 1537 955 1611 arida,
978 1537 1094 1611 vultus;

304 1623 512 1701 Opposuitque
535 1642 657 1683 manum
679 1624 776 1699 fronti,
801 1640 971 1699 magnoque
996 1630 1123 1682 tremore

304 1708 412 1769 Omnia
436 1715 548 1769 concut
536 1711 613 1769 tiens
635 1709 759 1786 paulum
782 1707 928 1782 subsedit,
954 1713 984 1767 et
1005 1708 1092 1782 infra,

304 1794 401 1909 Quam
416 1794 493 1857 solet
481 1801 585 1869 tesso,
609 1795 673 1869 fuit,
697 1812 846 1871 sacraque
868 1793 911 1853 ita
932 1812 1009 1852 voce
1031 1793 1200 1855 locutat
1151 1803 1217 1855 eat:

186 1931 190 1938 .
346 1878 516 1958 „Siplacet
504 1881 599 1954 thoe,
623 1882 789 1957 meruique,
813 1878 947 1956 quidet
948 1898 989 1939 ua
1003 1877 1129 1940 fulmina
1144 1899 1221 1941 ces·
1318 1908 1320 1965 p

220 1968 279 2024 280
304 1963 426 2026 Summe
450 1965 563 2024 deuml
584 1965 676 2024 liceat
664 1967 850 2042 tperiturae
872 1964 1015 2023 viribus
1007 1966 1083 2040 ignis
1123 1962 1218 2045 [t,san

303 2050 373 2127 Igne
396 2053 493 2128 perire
516 2056 577 2126 tuo,
603 2050 783 2147 clademque
806 2056 931 2109 auctore
952 2051 1063 2109 levare

303 2135 360 2194 Vix
383 2136 524 2213 equidem
538 2137 644 2195 fauces
667 2137 775 2195 haec
767 2153 834 2212 ipsa
855 2137 886 2194 in
901 2135 995 2194 verba
1014 2136 1217 2211 resolvo‘ss-
1314 2072 1320 2255 1

303 2220 459 2281 Presserat
482 2240 535 2281 ora
556 2240 696 2300 vapor·
720 2227 835 2295 tostos
859 2238 897 2279 en
920 2223 1023 2299 aspice
1047 2223 1154 2297 crines,

302 2307 397 2385 Inque
420 2308 517 2368 oculis
539 2314 664 2383 tantum,
688 2313 753 2367 tant
754 2326 805 2366 um
827 2325 919 2385 super
941 2326 994 2366 ora
1016 2307 1148 2367 favillae.

220 2395 278 2451 285
303 2392 403 2453 Hosne
426 2394 498 2453 mihi
519 2394 598 2454 fruct
586 2399 644 2468 t‚us
668 2394 750 2453 hunc
773 2393 933 2453 fertilitatis
954 2393 1100 2452 honorem

303 2478 463 2557 Officiique
485 2480 587 2555 refers,
613 2480 695 2557 quod
720 2479 830 2539 adunci
853 2479 978 2538 vulnera
1001 2480 1092 2537 aratri

302 2564 576 2662 Rastrorumquef
575 2584 626 2624 ero
648 2571 693 2624 tot
695 2583 773 2642 oque
798 2582 943 2624 exerceor
966 2581 1052 2638 anno,

304 2649 391 2721 Quod
415 2653 518 2727 pecori
539 2651 670 2725 frondes,
695 2650 818 2710 aliment
806 2656 898 2727 taque
921 2651 973 2709 mit
974 2651 1012 2725 ia,
1036 2650 1148 2726 fruges,

302 2733 440 2794 Humano
463 2737 574 2812 generi,
597 2696 684 2796 vobis
706 2754 827 2813 quoque
849 2742 918 2795 tura
939 2733 1095 2795 ministro?
1318 2724 1320 2795 l

220 2825 279 2881 290
303 2819 365 2880 Sed
387 2828 489 2880 tamen
512 2822 637 2881 exitium
658 2822 707 2881 fac
729 2841 778 2881 me
800 2823 957 2881 meruisse:
983 2820 1055 2899 quid
1078 2821 1191 2899 undae,

303 2906 382 2979 Quid
404 2908 513 2967 meruit
501 2906 646 2966 tfrater‘l
669 2926 723 2966 cur
744 2906 787 2967 illi
809 2907 921 2967 tradita
889 2913 1023 2966 tsorte

301 2992 444 3070 Aequora
466 2993 650 3053 decrescunt
672 2999 702 3052 et
725 2992 763 3052 ab
787 2993 909 3053 aethere
937 2992 1055 3069 longius
1079 2991 1215 3054 abeunti

302 3078 418 3151 Quodsi
439 3097 498 3138 nec
520 3079 619 3138 fratris
640 3097 698 3138 nec
721 3085 751 3138 te
774 3097 843 3139 mea
865 3079 994 3156 gratiat
996 3079 1087 3155 angit,

301 3164 341 3224 At
363 3164 442 3224 caeli
464 3166 605 3224 miserere
628 3166 681 3224 tui.
727 3163 933 3243 Circumspice
956 3169 1126 3240 utrumque,
1317 3186 1320 3289 q

218 3253 278 3309 295
302 3251 412 3311 Fumat
433 3256 562 3328 uterque
583 3251 686 3327 polus:
711 3269 787 3328 quos
809 3253 834 3310 si
856 3251 1006 3310 vitiaverit
1027 3250 1113 3326 ignis,

301 3336 385 3397 Atria
406 3342 508 3396 vestra
529 3342 626 3396 ruent.
669 3335 754 3396 Atlas
777 3354 815 3396 en
838 3337 902 3413 ipse
924 3333 1044 3395 laborat
1318 3356 1320 3457 q

301 3421 418 3500 Vixque
441 3423 503 3482 suis
525 3423 635 3481 umeris
659 3422 840 3481 candentem
861 3422 989 3480 sustinet
1012 3438 1109 3481 axem.

302 3506 333 3567 Si
355 3509 442 3582 freta,
466 3509 490 3566 si
512 3513 610 3567 terrae
632 3512 769 3584 pereunt,
792 3508 817 3565 si
840 3507 922 3584 regia
945 3507 1037 3567 caeli:

302 3593 335 3652 ln
358 3592 452 3652 chaos
475 3595 631 3670 antiquum
655 3592 873 3651 confundimur.
918 3592 1005 3671 Eripe
1027 3592 1167 3665 flammis,
