2660 4224
252 265 294 328 90
398 259 535 315 Mmulus
552 259 608 314 und
626 257 755 314 Hersilia.
792 256 858 312 Met.
871 256 947 323 XIV,
961 257 1107 313 ooo-851.

498 444 552 515 25.
580 445 737 514 Romulus
758 444 827 512 und
847 444 1002 511 Hersilia.

613 565 675 617 (uro.
689 561 886 615 xrv‚eoo-so1.)
1309 536 1313 725 ⁴

384 642 481 690 (fflemit
492 654 521 684 su
534 642 678 692 veruletcheu
690 642 722 683 ist
735 641 774 683 dae
788 640 858 684 etuas
870 640 897 683 32
910 652 949 683 sus
963 643 1006 682 deu
1019 642 1113 692 Fastis.)

254 776 314 833 805
380 752 544 835 Occiderat
565 773 677 850 Tatius,
701 774 882 853 populisque
906 780 1037 852 aequata
1059 774 1193 847 duobus,

337 858 476 932 Romule,
498 862 565 920 iura
587 860 696 920 dabas:
722 860 821 938 posita
843 879 914 919 cum
936 860 1055 920 casside
1077 859 1199 920 Mavors

336 945 461 1006 Talibus
483 946 604 1006 adfatur
626 946 789 1023 diatimque
811 945 1026 1022 hominumque
1048 951 1221 1022 parentem:

338 1029 489 1109 „Tempus
513 1032 608 1107 adest,
633 1033 758 1109 genitor,
781 1032 924 1108 quoniam
945 1031 1121 1090 fundamine
1144 1049 1253 1108 magno

337 1116 399 1176 Res
420 1116 559 1177 Romana
579 1116 662 1176 valet
683 1135 742 1177 neo
764 1116 905 1194 praeside
927 1116 1040 1194 pendet
1063 1116 1102 1175 ab
1125 1134 1198 1190 uno,

255 1202 317 1259 810
340 1200 486 1278 Praemia,
511 1220 590 1280 quae
612 1203 760 1280 promissa
781 1202 853 1285 mibi
875 1202 1027 1280 dignoque
1049 1202 1164 1280 nepoti,

338 1285 463 1346 Solvere
486 1293 516 1346 et
538 1286 674 1346 ablatum
695 1288 782 1348 terris
803 1288 947 1364 inponere
971 1285 1067 1347 caelo.

338 1369 384 1432 Tu
405 1372 478 1431 mihi
501 1371 629 1432 concilio
654 1372 807 1449 quondam
829 1378 989 1449 praesente
1012 1371 1140 1432 deorum
1165 1403 1187 1414 -

338 1456 417 1516 Nam
439 1475 573 1517 memoro
595 1459 782 1534 memorique
806 1458 904 1517 animo
927 1458 978 1535 pia
999 1457 1094 1518 verba
1112 1460 1218 1518 notavi
1234 1489 1253 1500 ·

305 1613 309 1622 ,
340 1541 444 1616 „Unus
468 1543 532 1616 erit,
556 1561 647 1620 quem
669 1549 703 1602 tu
725 1542 813 1603 tolles
834 1544 865 1601 in
888 1541 1012 1602 caerula
1035 1543 1143 1619 caeli“,

256 1628 316 1686 815
339 1626 459 1702 Dixisti;
484 1634 550 1689 rata
571 1630 609 1688 sit
631 1627 793 1688 verborum
814 1647 932 1688 summa
954 1630 1104 1688 tuorum.“

339 1713 453 1773 Adnuit
475 1712 671 1791 Omnipotens
694 1720 724 1773 et
744 1713 877 1773 nubibus
900 1719 973 1773 aira
995 1714 1097 1773 caecis

340 1797 483 1858 Occuluit
504 1801 677 1876 tonitruque
699 1805 730 1859 et
751 1799 870 1876 fulgure
892 1799 999 1858 terruit
1019 1799 1134 1859 orbem.

341 1883 426 1955 Quae
448 1884 506 1943 sibi
527 1886 693 1963 promissae
715 1885 808 1944 sensit
830 1884 904 1945 data
924 1885 1011 1962 signa
1032 1886 1168 1963 rapinae,

339 1967 523 2047 Innixusque
544 1969 651 2029 hastae
673 1987 794 2047 pressos
816 1975 935 2029 temone
959 1976 1084 2029 cruento

259 2054 318 2110 820
342 2053 505 2132 inpavidus
528 2054 707 2114 conscendit
729 2072 824 2133 equos
847 2054 1003 2130 Gradivus,
1029 2061 1059 2114 et
1081 2057 1146 2115 ictu

341 2137 481 2200 Verberis
503 2140 653 2217 increpuit
674 2158 847 2218 pronusque
870 2159 925 2218 per
948 2146 1019 2200 aera
1041 2140 1147 2218 lapsus

343 2222 482 2284 Constitit
503 2225 534 2283 in
555 2243 672 2284 summo
694 2226 845 2286 nemorosi
867 2225 945 2285 colle
967 2225 1081 2285 Palatii

341 2309 593 2387 Reddentemque
614 2329 671 2370 suo
694 2311 755 2370 iam
776 2312 860 2389 regia
881 2312 949 2370 iura
970 2311 1078 2382 Quiriti

340 2394 473 2456 Abstulit
493 2394 617 2456 iliadem.
664 2394 781 2475 Corpus
803 2396 929 2456 mortale
952 2414 1007 2473 per
1028 2415 1119 2457 auras

259 2482 317 2538 825
340 2480 496 2560 Dilapsum
519 2487 633 2556 tenues,
660 2500 717 2541 ceu
738 2481 802 2542 lata
823 2481 967 2559 plumbea
988 2480 1084 2541 lunda

341 2566 433 2627 Missa
454 2566 531 2626 solet
553 2567 654 2627 medio
678 2566 763 2644 glans
782 2567 973 2627 intabescere
996 2566 1095 2626 caelo.

342 2650 473 2711 Pulchra
495 2651 576 2711 subit
597 2653 701 2727 facies,
726 2658 756 2711 et
777 2652 984 2730 pulvinaribus
1007 2651 1075 2712 altis

341 2736 465 2814 Dignior
487 2742 518 2795 et
540 2736 638 2814 qualis
659 2736 790 2797 trabeati
810 2737 907 2797 forma
929 2737 1053 2809 Quirini.

385 2820 495 2882 Flebat
516 2825 550 2880 ut
572 2823 715 2882 antissam
738 2822 879 2897 coniunx,
903 2841 974 2882 cum
995 2823 1079 2899 regia
1101 2820 1179 2884 Iuno

260 2910 319 2966 830
343 2906 401 2967 Irin
424 2907 463 2967 ad
485 2905 644 2967 Hersiliam
666 2906 853 2968 descendere
875 2908 969 2967 limite
992 2926 1085 2967 curve

343 2991 481 3072 Imperat,
508 2999 538 3052 et
558 2993 670 3053 viduae
692 3011 749 3053 sua
771 2993 815 3053 sic
837 2994 982 3053 mandata
1003 2993 1129 3053 referre:

344 3077 390 3153 „0
414 3079 505 3138 etde
528 3077 621 3153 batia,
645 3097 663 3139 o
687 3078 777 3139 etde
802 3086 890 3156 gente
913 3077 1027 3139 Sabina

343 3163 552 3242 Praecipuum,
575 3168 723 3241 matrona,
748 3164 852 3240 decus,
876 3164 1051 3241 dignissima
1071 3164 1150 3223 tanti

342 3247 421 3310 Ante
443 3249 535 3309 fuisse
557 3250 621 3321 viri,
646 3251 777 3309 coniunx
799 3267 881 3309 nunc
904 3266 970 3309 esse
994 3248 1116 3324 Quirini,

260 3335 320 3393 835
345 3332 424 3394 Siste
446 3341 515 3395 tuos
536 3332 636 3409 fletus,
660 3340 699 3411 et,
723 3336 749 3394 si
770 3334 825 3393 tibi
848 3352 922 3393 cura
943 3334 1066 3393 videndi

347 3417 490 3497 Coniugis
513 3425 567 3494 est,
591 3420 671 3480 duce
693 3438 741 3480 me
763 3418 866 3479 lucum
888 3425 966 3497 pete,
992 3417 1070 3478 colle
1093 3418 1221 3490 Quirino

345 3504 403 3576 Qui
424 3507 500 3566 viret
522 3512 553 3565 et
574 3505 719 3583 templum
740 3503 869 3564 Romani
890 3504 970 3582 regis
992 3502 1188 3564 obumbrat.“

345 3589 442 3666 Paret,
467 3598 503 3650 et'
519 3591 550 3649 in
571 3597 681 3651 terram
702 3590 801 3668 pictos
824 3588 950 3668 delapsa
971 3607 1025 3667 per
1048 3607 1149 3665 arcus,
