2660 4228
276 321 330 376 Die
348 320 563 393 Quinquatruen.
599 323 675 379 Part.
687 321 738 389 ΙΙΙ,
754 325 897 378 809-834.
1026 329 1084 390 111

217 496 369 575 Armaque
393 506 423 559 et
447 499 487 558 ad
510 506 609 560 certos
631 500 726 560 verba
749 501 889 562 canenda
910 500 1027 560 mcdcs.

172 581 250 642 Tum
272 585 316 643 sie
338 583 516 644 Mamurius:
542 585 679 659 „Merces
702 587 774 646 mihi
795 586 892 664 gloria
914 586 1011 659 detur,

86 669 148 725 390
215 668 404 747 Numinaque
428 677 562 731 extremo
586 673 718 731 carmine
740 678 845 732 nostra
867 672 1006 732 sonent.“

173 753 247 812 Inde
270 756 447 815 sacerdotes
469 758 553 834 operi
574 759 722 835 promissa
743 764 864 817 vetusto

216 838 354 901 Praemia
375 841 550 919 persolvunt
572 843 812 920 Mamuriumque
834 846 956 902 vocant

379 1113 432 1184 35.
461 1117 521 1184 Dic
545 1117 803 1204 Quinquatruum.

463 1239 521 1286 (na
535 1238 578 1291 111,
591 1235 712 1287 arr-an.)

138 1337 191 1391 Die
203 1337 458 1406 Quinquatruum
469 1341 586 1395 wurden
598 1356 642 1394 um
654 1342 678 1393 2.
691 1341 769 1409 Tage
788 1338 859 1395 nach
872 1341 934 1395 dem
947 1339 1088 1394 Bacchus·

84 1412 161 1469 feste
177 1420 244 1475 (una
260 1414 315 1467 dier
332 1415 418 1468 media
435 1420 492 1483 eat),
510 1433 554 1470 arn
574 1419 615 1471 19.
632 1417 715 1480 th,
737 1418 762 1471 d.
776 1418 793 1470 1.
811 1432 856 1472 am
875 1419 899 1469 t.
919 1417 997 1485 Tage
1014 1416 1087 1471 nach

86 1492 144 1545 deu
162 1491 230 1545 Idus
250 1491 347 1556 (daher
364 1494 556 1562 quinquatrus)
579 1509 615 1547 uu
631 1493 725 1548 Ehren
743 1494 794 1548 der
811 1494 936 1549 Minerva
958 1492 1084 1562 gefeiert,

84 1567 145 1622 und
164 1584 238 1622 zwar
255 1566 320 1621 funf
334 1569 412 1636 Tage
430 1570 505 1638 lang,
525 1569 636 1626 worauf
650 1571 702 1625 der
713 1570 831 1624 Dichter
847 1570 902 1624 den
914 1569 1020 1623 Numen
1036 1570 1087 1624 be-

85 1643 171 1698 zieht.
200 1644 255 1698 Die
274 1643 394 1699 Schulen
412 1645 510 1700 hatten
526 1646 636 1710 Parion,
656 1645 745 1702 daher
762 1647 808 1701 eiu
819 1644 1020 1714 Lieblingsfest
1037 1646 1088 1700 der

84 1721 207 1778 Knaben
225 1721 330 1784 (Horat.
348 1722 431 1788 epist.
449 1720 485 1786 H,
506 1723 530 1785 2,
551 1723 615 1786 191).

175 1839 249 1921 Una
271 1860 337 1921 dies
358 1861 459 1921 media
481 1869 535 1936 est,
561 1870 590 1922 et
611 1862 688 1922 fiunt
708 1881 797 1924 sacra
817 1863 978 1941 Minervae,

88 1949 151 2007 810
217 1946 345 2006 Nomina
367 1966 445 2025 quae
467 1949 576 2008 iunctis
600 1950 732 2026 quinque
756 1949 864 2010 diebus
886 1951 1009 2012 habent.

174 2029 325 2109 Sanguine
347 2034 443 2111 prima
465 2041 563 2109 vacat,
587 2053 645 2093 nec
667 2035 713 2095 fas
737 2053 917 2096 concurrere
940 2038 1035 2111 ferro;

217 2115 329 2178 Causa:
356 2119 436 2196 quod
461 2126 507 2180 est
528 2119 581 2179 illa
601 2126 674 2179 nata
695 2120 829 2181 Minerva
853 2122 912 2181 die.

171 2202 276 2263 Altera
297 2211 419 2281 tresque
442 2224 533 2283 super
555 2212 651 2265 strata
674 2205 869 2265 celebrantur
889 2206 1018 2266 harena.

212 2289 343 2348 Ensibus
366 2291 493 2349 exsertis
514 2290 626 2350 bellica
647 2290 730 2350 laeta
752 2290 811 2349 dea
834 2296 889 2349 est.

85 2375 148 2433 815
170 2373 299 2434 Pallada
319 2392 401 2433 nunc
423 2375 509 2451 pueri
531 2381 715 2451 teneraeque
739 2381 823 2433 crate
846 2373 984 2451 puellam

215 2459 273 2531 Qui
294 2459 373 2518 bene
396 2459 525 2536 placarit
546 2458 681 2534 Pallada,
707 2458 816 2517 doctus
840 2461 904 2518 crit.

170 2544 296 2604 Pallade
318 2544 441 2622 placata
462 2542 564 2603 lanam
585 2542 701 2603 mollire
723 2543 845 2622 puellae

214 2630 340 2689 Discunt
363 2635 392 2689 11
414 2627 520 2707 plenas
543 2647 709 2688 exonerare
732 2628 826 2689 colos.

170 2713 226 2774 llla
248 2717 338 2775 etiam
361 2721 476 2774 stantes
498 2714 583 2774 radic
605 2732 783 2792 percurrere
803 2714 881 2774 telas

87 2802 148 2860 820
213 2800 327 2875 Erudit,
353 2806 383 2860 11
404 2819 505 2860 rarum
527 2801 647 2878 pectine
671 2800 778 2860 denset
799 2820 885 2879 opus.

172 2885 256 2945 Hanc
280 2885 356 2963 cole,
380 2887 431 2963 qui
453 2885 544 2945 laesis
566 2886 703 2946 maculas
726 2886 764 2946 de
786 2886 922 2945 vestibus
945 2888 1057 2948 aufers:

214 2971 299 3031 Hane
323 2971 398 3047 cele,
422 2971 585 3031 velleribus
608 2972 744 3049 quisquis
768 2977 844 3032 aena
866 2990 965 3049 paras.

171 3055 236 3114 Nec
258 3058 418 3135 quisquam
439 3056 533 3115 invita
555 3057 647 3116 faciet
668 3056 746 3116 bene
769 3056 892 3116 vincula
914 3058 1037 3136 plantae

213 3141 348 3215 Pallade,
371 3143 409 3201 sit
431 3140 544 3219 Tychio
567 3141 685 3201 doctior
706 3140 756 3201 ille
779 3142 860 3202 lieet.

88 3228 147 3285 825
171 3226 209 3285 Et
230 3227 303 3286 licet
325 3228 447 3304 antiquo
470 3226 609 3286 manibus
633 3226 761 3286 collatus
784 3225 866 3304 Epeo

215 3310 259 3371 Sit
281 3313 369 3389 prior,
393 3313 471 3370 irata
492 3310 619 3371 Pallade
641 3330 769 3372 mancus
792 3315 856 3372 erit.

171 3397 232 3456 Vos
255 3415 386 3474 queque,
410 3396 554 3457 Phoebea
575 3397 696 3456 morbos
718 3399 770 3474 qui
792 3398 902 3476 pellitis
925 3403 999 3472 arte,

213 3481 338 3542 Munera
361 3481 399 3541 de
420 3483 528 3542 vestris
550 3499 651 3559 pauca
673 3482 782 3542 referte
806 3482 896 3544 deae:

170 3567 236 3627 Nec
258 3586 325 3641 vos,
347 3567 437 3626 turba
458 3568 521 3627 fere
545 3586 640 3627 censu
661 3567 811 3641 fraudata,
834 3569 978 3645 magistri,

89 3656 148 3715 830
214 3651 365 3732 Spemite:
392 3653 556 3732 discipulos
579 3654 702 3713 attrahit
724 3651 777 3710 illa
798 3670 905 3715 novos:
