2660 4224
239 265 281 328 02
536 259 623 330 Ceyx.
657 248 783 324 1111111,
797 258 942 310 craeso.

241 440 300 497 595
324 435 466 501 Phoebus
489 435 572 494 adire
595 440 703 512 potest.
748 432 897 505 Nebulae,
921 431 1050 508 caligine
1072 432 1198 507 mixtae,
1304 422 1305 453 *

323 522 511 588 Exhalantur
532 520 624 578 humo
648 519 821 595 dubiaeque
845 516 1028 596 crepuscula
1050 515 1139 576 lucis.

324 608 391 667 Non
414 605 484 683 vigil
508 605 571 664 ales
593 605 636 664 ibi
659 605 773 664 cristati
796 602 936 664 cantibus
958 604 1018 662 oris

323 691 440 752 Evocat
461 690 617 764 Auroram,
639 708 699 749 nec
720 707 797 749 voce
821 688 941 748 silentia
961 693 1105 765 rumpunt

325 776 490 836 Sollicitive
515 794 606 836 canes
630 775 794 834 canibusve
817 775 956 851 sagacior
979 791 1077 833 auser.

139 898 144 901 -
241 866 302 920 600
325 863 392 922 Non
414 862 487 935 fera,
511 880 571 921 non
593 860 738 939 pecudes,
761 878 821 920 non
843 860 916 918 moti
937 857 1058 918 flamine
1080 858 1168 932 rami,

325 948 522 1007 Humanaeve
545 965 653 1006 sonum
675 946 808 1005 reddunt
831 944 968 1004 convicia
989 943 1120 1021 linguae,
1304 984 1305 1069 p

325 1033 410 1092 Muta
431 1033 517 1110 quies
539 1031 666 1092 habitat.
711 1030 793 1091 Saxo
816 1037 918 1091 tamen
940 1030 1003 1088 exit
1026 1028 1064 1089 ab
1087 1030 1148 1088 imo
1304 1078 1305 1099 ,

325 1117 420 1177 Rivus
435 1136 533 1194 aquae
549 1117 669 1191 Lethes,
691 1133 852 1195 perquem
872 1133 941 1175 cum
956 1132 1109 1174 murmure
1131 1114 1243 1174 labens
1304 1172 1305 1219 1

324 1202 434 1262 Invitat
456 1220 577 1261 somnos
601 1201 817 1278 crepitantibus
839 1199 923 1259 unda
943 1199 1063 1277 lapillis.
1304 1222 1305 1225 ¹

242 1290 302 1346 606
325 1286 402 1346 Ante
425 1287 505 1346 fores
529 1288 605 1346 autri
626 1286 760 1346 fecunda
781 1304 935 1363 papavera
956 1284 1066 1344 florent

326 1373 564 1449 Innumeraeque
586 1371 710 1445 herbae,
734 1389 862 1448 quarum
884 1369 922 1430 de
944 1369 1025 1429 laete
1048 1387 1191 1447 soporem

326 1457 394 1517 Nox
416 1457 489 1534 legit
512 1464 542 1516 et
563 1458 677 1534 spargit
698 1475 753 1533 per
774 1472 888 1533 opacas
910 1455 1014 1515 umida
1035 1460 1143 1515 terras.

325 1543 429 1617 Ianua,
451 1561 490 1601 ne
512 1561 600 1602 verso
622 1540 768 1601 stridores
791 1541 913 1601 cardine
935 1539 1053 1614 reddat,

326 1626 419 1688 Nulla
441 1627 530 1687 domo
552 1632 631 1701 tota3
656 1633 759 1687 custos
780 1628 811 1685 in
832 1625 934 1685 limine
955 1624 1067 1684 nullus.

243 1716 302 1773 610
327 1712 366 1772 At
388 1713 488 1772 medio
510 1719 594 1772 torus
617 1718 672 1787 est,
696 1711 793 1771 ebeno
816 1710 952 1770 sublimis
973 1711 1004 1768 in
1026 1716 1101 1785 atra,

326 1797 477 1871 Plumeus,
502 1797 647 1871 unicolor,
671 1797 754 1874 pullo
776 1795 925 1856 velamine
948 1801 1062 1855 tectus:

327 1882 394 1953 Quo
418 1882 512 1941 cubat
532 1884 597 1959 ipse
620 1882 696 1942 deus
717 1882 860 1941 membris
881 1881 1026 1958 languore
1048 1879 1164 1941 solutis.

327 1967 414 2025 Hunc
439 1968 521 2025 circa
542 1968 656 2043 passim
676 1968 778 2027 varias
799 1968 945 2026 imitantia
967 1966 1079 2026 formas
1304 1946 1305 2021 1

328 2050 451 2110 Somnia
472 2068 552 2111 vana
573 2052 675 2111 iacent
696 2052 832 2126 totidem,
855 2051 938 2128 quod
959 2052 1066 2111 mesela
1089 2052 1211 2127 aristas,
1304 2090 1305 2135 3

243 2139 304 2196 615
328 2135 412 2196 Silva
433 2137 509 2214 gerit
530 2135 661 2211 frondes,
685 2137 799 2197 eiectae
821 2136 892 2195 litus
913 2136 1053 2196 harenas.
1304 2198 1305 2209 ,

328 2221 394 2293 Quo
416 2222 505 2280 simul
526 2222 648 2281 intrarit
669 2221 869 2298 manibusque
892 2220 1044 2281 obstantia
1064 2222 1148 2300 virgo
1304 2214 1305 2281 1

329 2305 452 2367 Somnia
475 2307 606 2382 dimovit,
629 2308 722 2367 vestis
745 2307 862 2383 fulgore
883 2307 995 2378 reluxit

328 2390 424 2453 Sacra
446 2391 566 2466 domus;
590 2392 738 2470 tardaque
762 2391 839 2452 deus
860 2394 1007 2470 gravitate
1028 2392 1165 2452 iacentes

328 2476 384 2536 Vir
407 2477 513 2537 oculos
535 2477 653 2551 tollens,
676 2479 845 2554 iterumque
867 2479 1036 2554 iterumque
1058 2477 1204 2538 relabens

244 2564 306 2621 620
330 2561 515 2639 Summaque
538 2565 712 2639 percutiens
732 2563 852 2623 nutanti
873 2567 1000 2640 pectora
1020 2568 1133 2638 mento,

326 2646 469 2706 Excussit
490 2647 614 2706 tandem
635 2647 693 2706 sibi
714 2666 764 2723 se;
790 2647 954 2724 cubitoque
976 2647 1104 2721 levatus,

328 2731 407 2803 Quid
430 2731 539 2806 veniat,
565 2763 587 2773 -
611 2739 756 2809 cognorat
778 2734 858 2792 enim
880 2764 902 2773 -
929 2733 1064 2793 scitatur.
1108 2731 1239 2795 Atilia:

328 2814 469 2890 „Somne
494 2817 580 2893 quies
594 2835 703 2892 rerum,
720 2816 934 2895 placidissime,
958 2815 1078 2892 Somne,
1102 2817 1240 2893 deorum,

327 2901 392 2962 Pax
415 2901 513 2975 animi,
537 2920 628 2978 quem
651 2920 724 2963 cura
745 2903 829 2980 fugit,
852 2903 904 2981 qui
927 2921 1055 2980 corpora
1077 2902 1161 2963 doris

244 2988 304 3046 625
327 2986 423 3047 Fessa
445 2987 615 3046 ministeriis
637 2987 753 3048 mulces
775 3006 959 3066 reparasque
981 2988 1092 3049 labori:

328 3070 460 3145 Somnia,
484 3089 563 3148 quae
585 3090 674 3132 veras
697 3080 829 3150 aequent
849 3074 1013 3133 imitamine
1035 3074 1156 3148 formas,

327 3156 478 3220 Herculea
498 3155 648 3217 Trachine
669 3157 741 3218 iube
763 3158 820 3218 sub
843 3159 972 3235 imagine
994 3159 1074 3235 regis

326 3240 483 3320 Alcyonen
507 3241 625 3317 adeant,
650 3243 873 3320 simulacraque
895 3243 1042 3320 naufraga
1063 3244 1189 3321 tingant.

327 3324 458 3404 Imperat
478 3326 538 3385 hoo
559 3326 664 3387 Iuno.“
708 3328 872 3405 Postquam
893 3328 1038 3389 mandata
1058 3330 1184 3407 peregit,

244 3413 304 3469 630
327 3411 380 3471 Iris
404 3411 475 3485 abit,
497 3429 597 3489 neque
621 3415 699 3473 enirn
721 3413 847 3473 ulterius
869 3412 998 3473 tolerare
1020 3415 1140 3493 vaporis

326 3496 393 3554 Vim
413 3502 541 3573 poterat,
564 3497 688 3575 labique
710 3504 744 3557 ut
766 3515 903 3558 somnum
925 3499 1019 3558 sensit
1039 3499 1069 3557 in
1092 3505 1186 3574 artus,

326 3579 438 3658 Effugit
459 3588 490 3641 et
510 3587 626 3642 remeat
647 3600 702 3661 per
722 3601 800 3660 quos
821 3582 912 3643 modo
933 3588 1059 3645 venerat
1081 3602 1181 3644 arcus.
