2660 4228
273 324 334 386 110
496 320 549 375 Dio
566 279 702 375 Anoilieu.
737 317 815 374 fast.
829 317 880 382 ΙΙΙ,
895 317 1039 370 stt-392.

270 491 357 554 ldsrs,
377 491 433 545 don
452 489 607 555 Saliorn,
634 489 803 545 namentlioh
825 504 881 543 von
902 488 990 543 ihrem
1011 487 1269 558 Mamuriusgssang

269 569 327 622 und
345 568 399 621 don
412 567 554 633 Sehilden‚
572 569 668 622 womit
686 568 728 622 sis
745 567 782 621 im
796 566 871 619 uass
888 567 969 620 sinon
988 563 1155 621 foisrliohen
1169 564 1269 633 Umzug

270 644 385 700 hieltsn.
414 644 468 699 Dis
487 643 636 713 folgenden
647 645 737 700 Verso
749 644 897 711 beginnsn
911 642 1048 699 naohdem
1060 642 1198 711 iuppiter
1213 644 1266 697 don

270 722 365 791 Konig
382 722 472 776 Numa
488 721 686 790 versproohen,
710 721 767 775 ihm
790 736 834 774 arn
857 720 962 775 andern
979 719 1058 788 Tage
1075 720 1153 775 naolr
1172 720 1266 775 vollen
1308 782 1309 789 ¹

270 797 404 867 Aufgsng
424 800 474 854 der
492 798 584 854 Sonus
606 800 653 853 ein
669 795 846 866 Untorpfand
863 797 914 852 dar
931 797 1089 853 rltmisehsn
1107 795 1267 853 Horrsohatl

270 892 334 930 vom
352 876 471 931 Himmsl
493 893 528 930 zu
551 876 667 941 sordem
696 876 786 931 Numa
811 875 882 930 lisst
908 891 944 928 au
967 875 1074 930 diesem
1097 874 1202 930 Zweok
1223 877 1267 928 des

270 953 344 1009 Volk
361 952 655 1009 zusammenkommen
1308 956 1309 1051 l

355 1074 460 1156 Mollis
484 1101 548 1155 erat
570 1095 660 1154 tellus
682 1101 844 1172 rorataque
867 1111 956 1154 mans
978 1094 1099 1171 pruina:
1308 1056 1309 1149 A

398 1180 475 1240 Ante
498 1181 545 1240 sui
566 1181 697 1259 populus
719 1180 821 1240 limina
843 1181 921 1256 regis
944 1180 1041 1239 adest.
1309 1196 1310 1253 l

356 1265 466 1341 Prodit,
492 1271 522 1325 et
543 1266 574 1324 in
595 1266 670 1325 solio
693 1266 811 1326 medius
834 1264 972 1326 consedit
995 1282 1122 1339 aeem03

273 1354 333 1410 360
397 1351 548 1411 innumeri
570 1352 653 1410 eirea
673 1356 815 1428 stantque
837 1351 986 1428 silentque
1008 1351 1072 1409 riri.

357 1436 449 1498 Ortus
472 1442 535 1496 erat
557 1454 673 1496 summo
696 1436 904 1496 tantummodo
927 1436 1061 1513 margine
1083 1434 1242 1496 Phoebus?

401 1521 555 1583 Sollicitae
578 1528 694 1582 mentes
717 1518 832 1600 spedue
854 1528 998 1599 metuque
1020 1527 1142 1601 pavent.

359 1608 508 1683 Constitit,
532 1615 633 1687 atque,
658 1614 750 1686 eaput
771 1608 859 1667 niveo
882 1607 1001 1668 velatus
1024 1609 1148 1682 amictu,

398 1696 461 1755 Iam
482 1694 561 1754 bene
585 1694 631 1754 dis
651 1700 739 1755 notas
761 1693 883 1753 sustulit
903 1693 954 1753 ills
976 1711 1094 1753 manus.

273 1783 333 1840 365
356 1780 455 1859 Atque
470 1782 525 1839 ita:
551 1779 703 1858 „Tempus
719 1779 806 1839 adest
820 1780 957 1857 promissi
976 1779 1141 1853 muneris“‚
1157 1779 1262 1857 inquit:

399 1865 590 1941 „Pollicitam
614 1862 711 1941 dietis,
734 1865 875 1944 luppiter,
900 1864 979 1924 adde
1001 1863 1127 1924 fidem.“

357 1952 435 2012 Dum
457 1951 598 2027 loquitur,
621 1956 718 2010 totum
740 1952 800 2010 iam
822 1949 869 2009 sol
892 1955 1046 2010 emoverat
1068 1949 1184 2027 orbem,

398 2036 437 2095 Et
458 2037 556 2114 gravis
579 2037 720 2096 aethereo
743 2038 825 2096 venit
848 2035 886 2096 ab
911 2054 968 2095 axe
990 2036 1101 2113 fragor.

356 2122 414 2183 Ter
435 2123 533 2181 tonuit
554 2122 617 2181 sine
638 2122 720 2181 nube
744 2122 828 2197 deus,
852 2123 909 2182 tria
930 2121 1051 2199 fulgura
1072 2121 1161 2197 misit,

274 2209 335 2266 370
402 2205 562 2267 -Credite
585 2207 713 2281 dioenti;
737 2209 821 2282 mira,
840 2207 896 2267 sed
920 2213 998 2283 acta,
1021 2206 1167 2285 loquor-

357 2294 383 2353 A
405 2293 505 2353 media
528 2292 647 2353 eaelum
669 2294 791 2370 regione
814 2293 971 2353 dehiscere
995 2293 1109 2370 coepit:

401 2378 583 2439 Summisere
606 2378 712 2438 oculos
736 2398 805 2438 oum
828 2378 907 2438 duee
930 2377 1019 2438 turba
1041 2396 1107 2437 suo.

356 2465 438 2525 Ecce
459 2465 519 2525 levi
540 2471 661 2524 scutum
683 2471 835 2524 versatum
856 2464 964 2524 leniter
986 2482 1061 2523 aura

399 2550 531 2625 Desidia
557 2569 575 2610 a
596 2550 708 2628 populo
732 2550 846 2610 elamor
869 2549 908 2609 ad
932 2555 1012 2610 astra
1033 2551 1125 2609 venit.

274 2636 333 2693 375
356 2635 445 2696 Tollit
466 2636 557 2696 humo
580 2655 689 2695 munus
712 2654 804 2696 caesa
825 2637 908 2713 prius
929 2634 980 2694 ille
1001 2635 1142 2709 iuvenca,

400 2721 485 2792 Quas
509 2720 636 2780 dederat
656 2721 731 2780 nulli
754 2721 834 2780 oolla
856 2721 1022 2800 premenda
1042 2722 1127 2798 iugo;

356 2805 456 2883 Atque
472 2806 570 2865 auoils
585 2813 684 2880 vocat,
708 2807 791 2883 quod
805 2805 843 2866 ab
860 2808 940 2866 omni
955 2812 1041 2883 parte
1059 2807 1191 2866 recisum
1212 2811 1260 2880 est,

399 2891 527 2969 Quaque
549 2898 637 2951 notes
659 2892 765 2966 oeulis
790 2892 918 2969 angulus
941 2893 1037 2951 omnis
1061 2891 1156 2952 abest.

356 2976 432 3038 Tum
454 2995 577 3052 memor,
601 2979 717 3054 imperii
739 2985 850 3037 sortem
873 2978 1038 3038 consistere
1061 2977 1174 3054 millu,

272 3062 333 3120 380
400 3061 564 3123 Consilium
585 3063 698 3123 multae
722 3063 893 3123 calliditatis
914 3064 977 3122 init.

355 3148 447 3208 Plura
467 3148 552 3208 iubet
573 3148 639 3208 fieri
660 3148 749 3207 simili
771 3148 891 3208 caelata
912 3149 1018 3225 figura,

398 3233 488 3294 Error
509 3240 543 3293 ut
566 3239 634 3293 ante
658 3233 763 3293 oeulos
784 3235 951 3294 insidiantis
975 3239 1030 3293 sat

354 3319 517 3379 Mamurius
534 3351 556 3361 -
572 3337 688 3379 morum
710 3319 854 3380 fabraene
878 3320 1013 3381 exactior
1036 3319 1116 3393 artis,

397 3404 525 3464 Difficile
549 3410 595 3464 est
616 3404 670 3465 ulli
693 3405 794 3466 disere
811 3437 833 3448 -
850 3406 958 3466 clausit
980 3423 1066 3482 opus.

272 3489 331 3547 335
357 3488 413 3549 Cui
434 3489 533 3549 Numa
555 3491 728 3549 munificus:
754 3490 860 3565 „Facti
882 3497 952 3568 pete
975 3490 1131 3569 praemia“
1155 3490 1241 3562 dixit3

398 3572 450 3649 „Si
471 3594 540 3634 mea
560 3582 633 3634 nota
655 3575 741 3649 fides,
764 3577 852 3635 inrita
872 3575 956 3635 nulla
978 3578 1095 3653 petes.“

354 3658 418 3720 Iam
440 3660 569 3720 dederat
591 3658 680 3720 Saliis
702 3678 720 3719 a
741 3660 821 3722 saltu
842 3664 964 3723 nomina
985 3661 1077 3735 dieta,
