<?xml version="1.0" encoding="UTF-8"?>
<!DOCTYPE html PUBLIC "-//W3C//DTD XHTML 1.0 Transitional//EN"
    "http://www.w3.org/TR/xhtml1/DTD/xhtml1-transitional.dtd">
<html xmlns="http://www.w3.org/1999/xhtml" xml:lang="en" lang="en">
 <head>
  <title>
</title>
<meta http-equiv="Content-Type" content="text/html;charset=utf-8" />
  <meta name='ocr-system' content='tesseract 3.04.00' />
  <meta name='ocr-capabilities' content='ocr_page ocr_carea ocr_par ocr_line ocrx_word'/>
</head>
<body>
  <div class='ocr_page' id='page_1' title='image "./lateinischedich00bonegoog_0156.png"; bbox 0 0 2660 4228; ppageno 0'>
   <div class='ocr_carea' id='block_1_1' title="bbox 515 301 675 358">
    <p class='ocr_par' dir='ltr' id='par_1_1' title="bbox 515 301 675 358">
     <span class='ocr_line' id='line_1_1' title="bbox 515 301 675 358; baseline 0.006 -3"><span class='ocrx_word' id='word_1_1' title='bbox 515 301 675 358; x_wconf 80' lang='lat' dir='ltr'>Sentenren.</span> 
     </span>
    </p>
   </div>
   <div class='ocr_carea' id='block_1_2' title="bbox 117 477 1033 2350">
    <p class='ocr_par' dir='ltr' id='par_1_2' title="bbox 117 477 1033 2350">
     <span class='ocr_line' id='line_1_2' title="bbox 185 477 854 555; baseline -0.001 -17"><span class='ocrx_word' id='word_1_2' title='bbox 185 477 305 538; x_wconf 87' lang='lat' dir='ltr'>Gratius</span> <span class='ocrx_word' id='word_1_3' title='bbox 328 497 365 537; x_wconf 87' lang='lat' dir='ltr'>ex</span> <span class='ocrx_word' id='word_1_4' title='bbox 386 478 452 555; x_wconf 93' lang='lat' dir='ltr'>ipso</span> <span class='ocrx_word' id='word_1_5' title='bbox 474 478 557 537; x_wconf 82' lang='lat' dir='ltr'>fonte</span> <span class='ocrx_word' id='word_1_6' title='bbox 579 477 723 538; x_wconf 92' lang='lat' dir='ltr'>bibuntur</span> <span class='ocrx_word' id='word_1_7' title='bbox 746 496 854 554; x_wconf 87' lang='lat' dir='ltr'>aquae.</span> 
     </span>
     <span class='ocr_line' id='line_1_3' title="bbox 117 561 829 640; baseline -0.001 -17"><span class='ocrx_word' id='word_1_8' title='bbox 117 568 161 623; x_wconf 82' lang='lat'>20</span> <span class='ocrx_word' id='word_1_9' title='bbox 184 561 306 640; x_wconf 81' lang='lat' dir='ltr'>Ingenio</span> <span class='ocrx_word' id='word_1_10' title='bbox 328 562 465 623; x_wconf 89' lang='lat' dir='ltr'>stimulos</span> <span class='ocrx_word' id='word_1_11' title='bbox 487 563 618 623; x_wconf 80' lang='lat' dir='ltr'>subdere</span> <span class='ocrx_word' id='word_1_12' title='bbox 641 565 722 623; x_wconf 91' lang='lat' dir='ltr'>fama</span> <span class='ocrx_word' id='word_1_13' title='bbox 743 563 829 624; x_wconf 89' lang='lat' dir='ltr'>solet.</span> 
     </span>
     <span class='ocr_line' id='line_1_4' title="bbox 185 649 725 728; baseline 0.002 -21"><span class='ocrx_word' id='word_1_14' title='bbox 185 649 292 708; x_wconf 84' lang='lat' dir='ltr'><strong>Infelix</strong></span> <span class='ocrx_word' id='word_1_15' title='bbox 313 650 401 726; x_wconf 89' lang='lat' dir='ltr'>periit</span> <span class='ocrx_word' id='word_1_16' title='bbox 424 649 545 709; x_wconf 86' lang='lat' dir='ltr'>dotibus</span> <span class='ocrx_word' id='word_1_17' title='bbox 567 651 632 728; x_wconf 88' lang='lat' dir='ltr'>ipse</span> <span class='ocrx_word' id='word_1_18' title='bbox 654 651 725 709; x_wconf 86' lang='lat' dir='ltr'>suis.</span> 
     </span>
     <span class='ocr_line' id='line_1_5' title="bbox 185 733 831 811; baseline -0.002 -18"><span class='ocrx_word' id='word_1_19' title='bbox 185 735 270 811; x_wconf 85' lang='lat' dir='ltr'>Inpia</span> <span class='ocrx_word' id='word_1_20' title='bbox 291 734 348 795; x_wconf 89' lang='lat' dir='ltr'>sub</span> <span class='ocrx_word' id='word_1_21' title='bbox 373 733 456 795; x_wconf 91' lang='lat' dir='ltr'>dulci</span> <span class='ocrx_word' id='word_1_22' title='bbox 477 734 567 794; x_wconf 90' lang='lat' dir='ltr'>melle</span> <span class='ocrx_word' id='word_1_23' title='bbox 589 753 707 795; x_wconf 88' lang='lat' dir='ltr'>venena</span> <span class='ocrx_word' id='word_1_24' title='bbox 728 735 831 795; x_wconf 90' lang='lat' dir='ltr'>latent.</span> 
     </span>
     <span class='ocr_line' id='line_1_6' title="bbox 184 819 913 899; baseline 0 -21"><span class='ocrx_word' id='word_1_25' title='bbox 184 820 338 880; x_wconf 84' lang='lat' dir='ltr'><strong>Interdum</strong></span> <span class='ocrx_word' id='word_1_26' title='bbox 359 819 502 879; x_wconf 80' lang='lat' dir='ltr'>lacrimae</span> <span class='ocrx_word' id='word_1_27' title='bbox 525 820 662 899; x_wconf 89' lang='lat' dir='ltr'>pondera</span> <span class='ocrx_word' id='word_1_28' title='bbox 683 821 767 880; x_wconf 91' lang='lat' dir='ltr'>vocis</span> <span class='ocrx_word' id='word_1_29' title='bbox 789 820 913 879; x_wconf 89' lang='lat' dir='ltr'>habent.</span> 
     </span>
     <span class='ocr_line' id='line_1_7' title="bbox 185 905 958 985; baseline -0.001 -20"><span class='ocrx_word' id='word_1_30' title='bbox 185 905 327 984; x_wconf 82' lang='lat' dir='ltr'>Magnum</span> <span class='ocrx_word' id='word_1_31' title='bbox 349 924 425 985; x_wconf 91' lang='lat' dir='ltr'>opus</span> <span class='ocrx_word' id='word_1_32' title='bbox 448 912 502 981; x_wconf 89' lang='lat' dir='ltr'>est,</span> <span class='ocrx_word' id='word_1_33' title='bbox 526 925 625 966; x_wconf 87' lang='lat' dir='ltr'>mores</span> <span class='ocrx_word' id='word_1_34' title='bbox 648 907 854 985; x_wconf 83' lang='lat' dir='ltr'>composuisse</span> <span class='ocrx_word' id='word_1_35' title='bbox 877 924 958 965; x_wconf 89' lang='lat' dir='ltr'>suos.</span> 
     </span>
     <span class='ocr_line' id='line_1_8' title="bbox 119 990 1030 1070; baseline 0.003 -18"><span class='ocrx_word' id='word_1_36' title='bbox 119 995 160 1052; x_wconf 83' lang='lat'>25</span> <span class='ocrx_word' id='word_1_37' title='bbox 184 991 230 1051; x_wconf 89' lang='lat' dir='ltr'>Ne</span> <span class='ocrx_word' id='word_1_38' title='bbox 252 1010 312 1051; x_wconf 90' lang='lat' dir='ltr'>non</span> <span class='ocrx_word' id='word_1_39' title='bbox 334 992 496 1070; x_wconf 78' lang='lat' dir='ltr'>peccarim,</span> <span class='ocrx_word' id='word_1_40' title='bbox 520 1010 601 1051; x_wconf 89' lang='lat' dir='ltr'>mors</span> <span class='ocrx_word' id='word_1_41' title='bbox 623 1011 745 1069; x_wconf 91' lang='lat' dir='ltr'>quoque</span> <span class='ocrx_word' id='word_1_42' title='bbox 766 1010 826 1051; x_wconf 90' lang='lat' dir='ltr'>non</span> <span class='ocrx_word' id='word_1_43' title='bbox 849 990 949 1050; x_wconf 86' lang='lat' dir='ltr'>faciet.</span> <span class='ocrx_word' id='word_1_44' title='bbox 1027 1050 1030 1055; x_wconf 82' lang='grc'><strong>.</strong></span> 
     </span>
     <span class='ocr_line' id='line_1_9' title="bbox 184 1076 1033 1156; baseline -0.001 -20"><span class='ocrx_word' id='word_1_45' title='bbox 184 1076 233 1136; x_wconf 92' lang='lat' dir='ltr'>Nil</span> <span class='ocrx_word' id='word_1_46' title='bbox 254 1078 388 1155; x_wconf 87' lang='lat' dir='ltr'>prodest,</span> <span class='ocrx_word' id='word_1_47' title='bbox 412 1076 494 1154; x_wconf 91' lang='lat' dir='ltr'>quod</span> <span class='ocrx_word' id='word_1_48' title='bbox 517 1095 578 1136; x_wconf 92' lang='lat' dir='ltr'>non</span> <span class='ocrx_word' id='word_1_49' title='bbox 599 1077 723 1137; x_wconf 89' lang='lat' dir='ltr'>laedere</span> <span class='ocrx_word' id='word_1_50' title='bbox 744 1078 839 1156; x_wconf 87' lang='lat' dir='ltr'>possit</span> <span class='ocrx_word' id='word_1_51' title='bbox 861 1076 950 1136; x_wconf 88' lang='lat' dir='ltr'>idem.</span> <span class='ocrx_word' id='word_1_52' title='bbox 1029 1127 1033 1145; x_wconf 82' lang='grc'><strong>,</strong></span> 
     </span>
     <span class='ocr_line' id='line_1_10' title="bbox 184 1163 795 1239; baseline 0 -18"><span class='ocrx_word' id='word_1_53' title='bbox 184 1163 251 1222; x_wconf 94' lang='lat' dir='ltr'>Non</span> <span class='ocrx_word' id='word_1_54' title='bbox 273 1163 353 1223; x_wconf 89' lang='lat' dir='ltr'>ultra</span> <span class='ocrx_word' id='word_1_55' title='bbox 375 1181 467 1239; x_wconf 90' lang='lat' dir='ltr'>quam</span> <span class='ocrx_word' id='word_1_56' title='bbox 489 1163 534 1222; x_wconf 88' lang='lat' dir='ltr'>vis</span> <span class='ocrx_word' id='word_1_57' title='bbox 557 1163 711 1223; x_wconf 89' lang='lat' dir='ltr'>officiosus</span> <span class='ocrx_word' id='word_1_58' title='bbox 734 1182 795 1224; x_wconf 90' lang='lat' dir='ltr'>ero.</span> 
     </span>
     <span class='ocr_line' id='line_1_11' title="bbox 184 1247 816 1326; baseline 0.002 -19"><span class='ocrx_word' id='word_1_59' title='bbox 184 1247 271 1308; x_wconf 89' lang='lat' dir='ltr'>Nube</span> <span class='ocrx_word' id='word_1_60' title='bbox 295 1247 372 1307; x_wconf 88' lang='lat' dir='ltr'>solet</span> <span class='ocrx_word' id='word_1_61' title='bbox 394 1247 483 1326; x_wconf 92' lang='lat' dir='ltr'>pulsa</span> <span class='ocrx_word' id='word_1_62' title='bbox 505 1248 655 1309; x_wconf 90' lang='lat' dir='ltr'>candidus</span> <span class='ocrx_word' id='word_1_63' title='bbox 676 1250 719 1309; x_wconf 90' lang='lat' dir='ltr'>ire</span> <span class='ocrx_word' id='word_1_64' title='bbox 742 1249 816 1309; x_wconf 89' lang='lat' dir='ltr'>dies.</span> 
     </span>
     <span class='ocr_line' id='line_1_12' title="bbox 184 1331 914 1412; baseline 0 -19"><span class='ocrx_word' id='word_1_65' title='bbox 184 1333 249 1393; x_wconf 84' lang='lat' dir='ltr'>Pax</span> <span class='ocrx_word' id='word_1_66' title='bbox 273 1331 413 1394; x_wconf 88' lang='lat' dir='ltr'>Cererem</span> <span class='ocrx_word' id='word_1_67' title='bbox 433 1335 536 1407; x_wconf 88' lang='lat' dir='ltr'>nutrit,</span> <span class='ocrx_word' id='word_1_68' title='bbox 559 1335 646 1412; x_wconf 91' lang='lat' dir='ltr'>pacis</span> <span class='ocrx_word' id='word_1_69' title='bbox 669 1334 791 1396; x_wconf 88' lang='lat' dir='ltr'>alumna</span> <span class='ocrx_word' id='word_1_70' title='bbox 814 1334 914 1396; x_wconf 89' lang='lat' dir='ltr'>Ceres.</span> 
     </span>
     <span class='ocr_line' id='line_1_13' title="bbox 120 1419 884 1499; baseline -0.001 -19"><span class='ocrx_word' id='word_1_71' title='bbox 120 1425 160 1481; x_wconf 86' lang='lat'>30</span> <span class='ocrx_word' id='word_1_72' title='bbox 184 1419 286 1479; x_wconf 87' lang='lat' dir='ltr'>Poena</span> <span class='ocrx_word' id='word_1_73' title='bbox 308 1426 407 1498; x_wconf 91' lang='lat' dir='ltr'>potest</span> <span class='ocrx_word' id='word_1_74' title='bbox 430 1420 520 1494; x_wconf 88' lang='lat' dir='ltr'>demi,</span> <span class='ocrx_word' id='word_1_75' title='bbox 545 1421 636 1498; x_wconf 88' lang='lat' dir='ltr'>culpa</span> <span class='ocrx_word' id='word_1_76' title='bbox 657 1423 797 1499; x_wconf 88' lang='lat' dir='ltr'>perennis</span> <span class='ocrx_word' id='word_1_77' title='bbox 821 1423 884 1480; x_wconf 89' lang='lat' dir='ltr'>erit.</span> 
     </span>
     <span class='ocr_line' id='line_1_14' title="bbox 183 1505 805 1583; baseline -0.003 -18"><span class='ocrx_word' id='word_1_78' title='bbox 183 1505 328 1566; x_wconf 85' lang='lat' dir='ltr'>Pollicitis</span> <span class='ocrx_word' id='word_1_79' title='bbox 351 1506 435 1566; x_wconf 85' lang='lat' dir='ltr'>dives</span> <span class='ocrx_word' id='word_1_80' title='bbox 457 1505 584 1583; x_wconf 83' lang='lat' dir='ltr'>quilibet</span> <span class='ocrx_word' id='word_1_81' title='bbox 606 1524 673 1566; x_wconf 89' lang='lat' dir='ltr'>esse</span> <span class='ocrx_word' id='word_1_82' title='bbox 695 1513 805 1583; x_wconf 88' lang='lat' dir='ltr'>potest.</span> 
     </span>
     <span class='ocr_line' id='line_1_15' title="bbox 185 1588 901 1668; baseline -0.004 -17"><span class='ocrx_word' id='word_1_83' title='bbox 185 1591 283 1662; x_wconf 84' lang='lat' dir='ltr'>Quam</span> <span class='ocrx_word' id='word_1_84' title='bbox 305 1592 394 1650; x_wconf 89' lang='lat' dir='ltr'>miser</span> <span class='ocrx_word' id='word_1_85' title='bbox 418 1598 472 1664; x_wconf 89' lang='lat' dir='ltr'>est,</span> <span class='ocrx_word' id='word_1_86' title='bbox 496 1592 548 1667; x_wconf 91' lang='lat' dir='ltr'>qui</span> <span class='ocrx_word' id='word_1_87' title='bbox 569 1590 627 1649; x_wconf 86' lang='lat' dir='ltr'>fert</span> <span class='ocrx_word' id='word_1_88' title='bbox 650 1593 804 1668; x_wconf 88' lang='lat' dir='ltr'>asperiora</span> <span class='ocrx_word' id='word_1_89' title='bbox 826 1588 901 1649; x_wconf 88' lang='lat' dir='ltr'>fidel</span> 
     </span>
     <span class='ocr_line' id='line_1_16' title="bbox 185 1674 927 1753; baseline -0.001 -19"><span class='ocrx_word' id='word_1_90' title='bbox 185 1676 243 1747; x_wconf 87' lang='lat' dir='ltr'>Qui</span> <span class='ocrx_word' id='word_1_91' title='bbox 264 1692 325 1734; x_wconf 93' lang='lat' dir='ltr'>non</span> <span class='ocrx_word' id='word_1_92' title='bbox 348 1680 394 1733; x_wconf 84' lang='lat' dir='ltr'>est</span> <span class='ocrx_word' id='word_1_93' title='bbox 415 1674 515 1749; x_wconf 87' lang='lat' dir='ltr'>hodie,</span> <span class='ocrx_word' id='word_1_94' title='bbox 540 1692 608 1733; x_wconf 88' lang='lat' dir='ltr'>cras</span> <span class='ocrx_word' id='word_1_95' title='bbox 630 1677 728 1734; x_wconf 91' lang='lat' dir='ltr'>minus</span> <span class='ocrx_word' id='word_1_96' title='bbox 752 1682 840 1753; x_wconf 87' lang='lat' dir='ltr'>aptus</span> <span class='ocrx_word' id='word_1_97' title='bbox 863 1677 927 1734; x_wconf 90' lang='lat' dir='ltr'>erit.</span> 
     </span>
     <span class='ocr_line' id='line_1_17' title="bbox 187 1759 981 1837; baseline 0.004 -20"><span class='ocrx_word' id='word_1_98' title='bbox 187 1760 260 1831; x_wconf 84' lang='lat' dir='ltr'>Quis</span> <span class='ocrx_word' id='word_1_99' title='bbox 281 1759 370 1817; x_wconf 88' lang='lat' dir='ltr'>labor</span> <span class='ocrx_word' id='word_1_100' title='bbox 392 1765 446 1833; x_wconf 90' lang='lat' dir='ltr'>est,</span> <span class='ocrx_word' id='word_1_101' title='bbox 469 1777 577 1837; x_wconf 88' lang='lat' dir='ltr'>puram</span> <span class='ocrx_word' id='word_1_102' title='bbox 598 1777 658 1818; x_wconf 94' lang='lat' dir='ltr'>non</span> <span class='ocrx_word' id='word_1_103' title='bbox 680 1767 845 1820; x_wconf 85' lang='lat' dir='ltr'>temerasse</span> <span class='ocrx_word' id='word_1_104' title='bbox 867 1760 981 1820; x_wconf 68' lang='lat' dir='ltr'>fidem?</span> 
     </span>
     <span class='ocr_line' id='line_1_18' title="bbox 123 1842 875 1923; baseline 0.001 -20"><span class='ocrx_word' id='word_1_105' title='bbox 123 1848 163 1903; x_wconf 80' lang='lat'>35</span> <span class='ocrx_word' id='word_1_106' title='bbox 187 1842 286 1920; x_wconf 87' lang='lat' dir='ltr'>Saepe</span> <span class='ocrx_word' id='word_1_107' title='bbox 310 1850 394 1903; x_wconf 87' lang='lat' dir='ltr'>creat</span> <span class='ocrx_word' id='word_1_108' title='bbox 416 1843 522 1904; x_wconf 89' lang='lat' dir='ltr'>molles</span> <span class='ocrx_word' id='word_1_109' title='bbox 545 1863 652 1923; x_wconf 88' lang='lat' dir='ltr'>aspera</span> <span class='ocrx_word' id='word_1_110' title='bbox 673 1846 760 1923; x_wconf 90' lang='lat' dir='ltr'>spina</span> <span class='ocrx_word' id='word_1_111' title='bbox 782 1864 875 1906; x_wconf 88' lang='lat' dir='ltr'>rosas.</span> 
     </span>
     <span class='ocr_line' id='line_1_19' title="bbox 186 1928 862 2007; baseline 0.004 -20"><span class='ocrx_word' id='word_1_112' title='bbox 186 1928 286 1989; x_wconf 90' lang='lat' dir='ltr'>Tarda</span> <span class='ocrx_word' id='word_1_113' title='bbox 307 1928 385 1989; x_wconf 86' lang='lat' dir='ltr'>solet</span> <span class='ocrx_word' id='word_1_114' title='bbox 406 1931 521 2007; x_wconf 84' lang='lat' dir='ltr'>magnis</span> <span class='ocrx_word' id='word_1_115' title='bbox 543 1931 634 1991; x_wconf 88' lang='lat' dir='ltr'>rebus</span> <span class='ocrx_word' id='word_1_116' title='bbox 656 1931 755 1992; x_wconf 85' lang='lat' dir='ltr'>inesse</span> <span class='ocrx_word' id='word_1_117' title='bbox 778 1933 862 1993; x_wconf 84' lang='lat' dir='ltr'>fides.</span> 
     </span>
     <span class='ocr_line' id='line_1_20' title="bbox 186 2014 915 2096; baseline 0.007 -23"><span class='ocrx_word' id='word_1_118' title='bbox 186 2014 374 2092; x_wconf 87' lang='lat' dir='ltr'>Tranquillas</span> <span class='ocrx_word' id='word_1_119' title='bbox 396 2018 488 2076; x_wconf 87' lang='lat' dir='ltr'>ctiam</span> <span class='ocrx_word' id='word_1_120' title='bbox 509 2017 672 2095; x_wconf 82' lang='lat' dir='ltr'>naufragus</span> <span class='ocrx_word' id='word_1_121' title='bbox 693 2019 796 2079; x_wconf 86' lang='lat' dir='ltr'>horret</span> <span class='ocrx_word' id='word_1_122' title='bbox 820 2037 915 2096; x_wconf 87' lang='lat' dir='ltr'>aquas</span> 
     </span>
     <span class='ocr_line' id='line_1_21' title="bbox 185 2099 797 2178; baseline 0.005 -19"><span class='ocrx_word' id='word_1_123' title='bbox 185 2100 223 2160; x_wconf 93' lang='lat' dir='ltr'>Ut</span> <span class='ocrx_word' id='word_1_124' title='bbox 244 2099 364 2178; x_wconf 75' lang='lat' dir='ltr'>fragilis¹</span> <span class='ocrx_word' id='word_1_125' title='bbox 379 2101 493 2178; x_wconf 82' lang='lat' dir='ltr'>glacies</span> <span class='ocrx_word' id='word_1_126' title='bbox 515 2104 615 2163; x_wconf 84' lang='lat' dir='ltr'>interit</span> <span class='ocrx_word' id='word_1_127' title='bbox 637 2105 682 2163; x_wconf 86' lang='lat' dir='ltr'>ira</span> <span class='ocrx_word' id='word_1_128' title='bbox 703 2123 797 2164; x_wconf 88' lang='lat' dir='ltr'>mora.</span> 
     </span>
     <span class='ocr_line' id='line_1_22' title="bbox 184 2186 863 2264; baseline 0.004 -19"><span class='ocrx_word' id='word_1_129' title='bbox 184 2186 302 2246; x_wconf 89' lang='lat' dir='ltr'>Utiliter</span> <span class='ocrx_word' id='word_1_130' title='bbox 323 2188 457 2246; x_wconf 88' lang='lat' dir='ltr'>studium</span> <span class='ocrx_word' id='word_1_131' title='bbox 480 2188 562 2264; x_wconf 91' lang='lat' dir='ltr'>quod</span> <span class='ocrx_word' id='word_1_132' title='bbox 584 2188 639 2247; x_wconf 91' lang='lat' dir='ltr'>tibi</span> <span class='ocrx_word' id='word_1_133' title='bbox 662 2189 753 2264; x_wconf 82' lang='lat' dir='ltr'>cedit,</span> <span class='ocrx_word' id='word_1_134' title='bbox 778 2187 863 2249; x_wconf 87' lang='lat' dir='ltr'>amal</span> 
     </span>
     <span class='ocr_line' id='line_1_23' title="bbox 121 2271 762 2350; baseline 0 -19"><span class='ocrx_word' id='word_1_135' title='bbox 121 2277 160 2331; x_wconf 84' lang='lat'>40</span> <span class='ocrx_word' id='word_1_136' title='bbox 184 2271 299 2348; x_wconf 82' lang='lat' dir='ltr'>Vulgus</span> <span class='ocrx_word' id='word_1_137' title='bbox 322 2273 469 2332; x_wconf 87' lang='lat' dir='ltr'>amicitias</span> <span class='ocrx_word' id='word_1_138' title='bbox 492 2273 620 2333; x_wconf 87' lang='lat' dir='ltr'>utilitate</span> <span class='ocrx_word' id='word_1_139' title='bbox 643 2274 762 2350; x_wconf 85' lang='lat' dir='ltr'>probat.</span> 
     </span>
    </p>
   </div>
   <div class='ocr_carea' id='block_1_3' title="bbox 493 2381 699 2392">
    <p class='ocr_par' dir='ltr' id='par_1_3' title="bbox 493 2381 699 2392">
     <span class='ocr_line' id='line_1_24' title="bbox 493 2381 699 2392; baseline 0.005 -2"><span class='ocrx_word' id='word_1_140' title='bbox 493 2381 699 2392; x_wconf 64' lang='grc' dir='ltr'><em>..η-.-</em></span> 
     </span>
    </p>
   </div>
   <div class='ocr_carea' id='block_1_4' title="bbox 460 2435 740 2492">
    <p class='ocr_par' dir='ltr' id='par_1_4' title="bbox 460 2435 740 2492">
     <span class='ocr_line' id='line_1_25' title="bbox 460 2435 740 2492; baseline 0 -3"><span class='ocrx_word' id='word_1_141' title='bbox 460 2435 491 2490; x_wconf 73' lang='lat' dir='ltr'>a.</span> <span class='ocrx_word' id='word_1_142' title='bbox 526 2435 740 2492; x_wconf 80' lang='lat' dir='ltr'>DISTIOHEN.</span> 
     </span>
    </p>
   </div>
   <div class='ocr_carea' id='block_1_5' title="bbox 142 2514 1095 3721">
    <p class='ocr_par' dir='ltr' id='par_1_5' title="bbox 145 2514 1094 2697">
     <span class='ocr_line' id='line_1_26' title="bbox 145 2514 1094 2615; baseline 0.004 -21"><span class='ocrx_word' id='word_1_143' title='bbox 145 2540 158 2594; x_wconf 86' lang='lat'>1</span> <span class='ocrx_word' id='word_1_144' title='bbox 184 2514 250 2595; x_wconf 82' lang='lat' dir='ltr'>Ahl</span> <span class='ocrx_word' id='word_1_145' title='bbox 266 2535 391 2594; x_wconf 91' lang='lat' dir='ltr'>nimium</span> <span class='ocrx_word' id='word_1_146' title='bbox 404 2542 457 2610; x_wconf 88' lang='lat' dir='ltr'>est,</span> <span class='ocrx_word' id='word_1_147' title='bbox 475 2535 566 2613; x_wconf 90' lang='lat' dir='ltr'>quod,</span> <span class='ocrx_word' id='word_1_148' title='bbox 585 2537 691 2611; x_wconf 84' lang='lat' dir='ltr'>amice,</span> <span class='ocrx_word' id='word_1_149' title='bbox 707 2535 794 2613; x_wconf 89' lang='lat' dir='ltr'>petis.</span> <span class='ocrx_word' id='word_1_150' title='bbox 815 2534 999 2597; x_wconf 89' lang='lat' dir='ltr'>Moderatius</span> <span class='ocrx_word' id='word_1_151' title='bbox 1014 2543 1094 2615; x_wconf 90' lang='lat' dir='ltr'>opta,</span> 
     </span>
     <span class='ocr_line' id='line_1_27' title="bbox 225 2620 840 2697; baseline 0.002 -18"><span class='ocrx_word' id='word_1_152' title='bbox 225 2620 263 2681; x_wconf 89' lang='lat' dir='ltr'>Et</span> <span class='ocrx_word' id='word_1_153' title='bbox 284 2622 356 2695; x_wconf 86' lang='lat' dir='ltr'>voti,</span> <span class='ocrx_word' id='word_1_154' title='bbox 380 2639 503 2697; x_wconf 89' lang='lat' dir='ltr'>quaeso,</span> <span class='ocrx_word' id='word_1_155' title='bbox 530 2622 674 2681; x_wconf 87' lang='lat' dir='ltr'>contrahe</span> <span class='ocrx_word' id='word_1_156' title='bbox 696 2621 766 2680; x_wconf 88' lang='lat' dir='ltr'>vela</span> <span class='ocrx_word' id='word_1_157' title='bbox 787 2622 840 2680; x_wconf 86' lang='lat' dir='ltr'>tui.</span> 
     </span>
    </p>

    <p class='ocr_par' dir='ltr' id='par_1_6' title="bbox 144 2706 1033 2872">
     <span class='ocr_line' id='line_1_28' title="bbox 144 2706 1033 2785; baseline 0.002 -20"><span class='ocrx_word' id='word_1_158' title='bbox 144 2710 161 2765; x_wconf 84' lang='lat'>2</span> <span class='ocrx_word' id='word_1_159' title='bbox 184 2706 308 2766; x_wconf 87' lang='lat' dir='ltr'>Artibus</span> <span class='ocrx_word' id='word_1_160' title='bbox 330 2707 474 2785; x_wconf 77' lang='lat' dir='ltr'>ingenuis,</span> <span class='ocrx_word' id='word_1_161' title='bbox 499 2726 627 2784; x_wconf 92' lang='lat' dir='ltr'>quarum</span> <span class='ocrx_word' id='word_1_162' title='bbox 650 2707 705 2766; x_wconf 92' lang='lat' dir='ltr'>tibi</span> <span class='ocrx_word' id='word_1_163' title='bbox 726 2708 859 2768; x_wconf 88' lang='lat' dir='ltr'>maxima</span> <span class='ocrx_word' id='word_1_164' title='bbox 882 2724 956 2766; x_wconf 88' lang='lat' dir='ltr'>cura</span> <span class='ocrx_word' id='word_1_165' title='bbox 979 2713 1033 2784; x_wconf 88' lang='lat' dir='ltr'>est,</span> 
     </span>
     <span class='ocr_line' id='line_1_29' title="bbox 227 2791 898 2872; baseline -0.001 -21"><span class='ocrx_word' id='word_1_166' title='bbox 227 2792 356 2852; x_wconf 84' lang='lat' dir='ltr'>Pectora</span> <span class='ocrx_word' id='word_1_167' title='bbox 378 2791 560 2853; x_wconf 86' lang='lat' dir='ltr'>mollescunt</span> <span class='ocrx_word' id='word_1_168' title='bbox 583 2794 792 2872; x_wconf 88' lang='lat' dir='ltr'>asperitasque</span> <span class='ocrx_word' id='word_1_169' title='bbox 815 2794 898 2871; x_wconf 83' lang='lat' dir='ltr'>fugit.</span> 
     </span>
    </p>

    <p class='ocr_par' dir='ltr' id='par_1_7' title="bbox 144 2876 959 3042">
     <span class='ocr_line' id='line_1_30' title="bbox 144 2876 951 2957; baseline 0.001 -21"><span class='ocrx_word' id='word_1_170' title='bbox 144 2881 161 2936; x_wconf 87' lang='lat'><strong>3</strong></span> <span class='ocrx_word' id='word_1_171' title='bbox 186 2876 326 2938; x_wconf 84' lang='lat' dir='ltr'>Carmina</span> <span class='ocrx_word' id='word_1_172' title='bbox 347 2879 527 2957; x_wconf 88' lang='lat' dir='ltr'>proveniunt</span> <span class='ocrx_word' id='word_1_173' title='bbox 550 2880 648 2939; x_wconf 88' lang='lat' dir='ltr'>animo</span> <span class='ocrx_word' id='word_1_174' title='bbox 672 2879 807 2939; x_wconf 89' lang='lat' dir='ltr'>deducta</span> <span class='ocrx_word' id='word_1_175' title='bbox 828 2894 951 2952; x_wconf 81' lang='lat' dir='ltr'>scren03</span> 
     </span>
     <span class='ocr_line' id='line_1_31' title="bbox 226 2962 959 3042; baseline -0.004 -20"><span class='ocrx_word' id='word_1_176' title='bbox 226 2962 337 3023; x_wconf 92' lang='lat' dir='ltr'>Nubila</span> <span class='ocrx_word' id='word_1_177' title='bbox 358 2970 430 3023; x_wconf 89' lang='lat' dir='ltr'>sunt</span> <span class='ocrx_word' id='word_1_178' title='bbox 451 2964 558 3023; x_wconf 88' lang='lat' dir='ltr'>subitis</span> <span class='ocrx_word' id='word_1_179' title='bbox 580 2970 717 3042; x_wconf 89' lang='lat' dir='ltr'>tempora</span> <span class='ocrx_word' id='word_1_180' title='bbox 738 2970 842 3023; x_wconf 91' lang='lat' dir='ltr'>nostra</span> <span class='ocrx_word' id='word_1_181' title='bbox 863 2963 959 3023; x_wconf 72' lang='lat' dir='ltr'>malis,</span> 
     </span>
    </p>

    <p class='ocr_par' dir='ltr' id='par_1_8' title="bbox 143 3046 952 3211">
     <span class='ocr_line' id='line_1_32' title="bbox 143 3046 952 3127; baseline 0.004 -21"><span class='ocrx_word' id='word_1_182' title='bbox 143 3053 161 3106; x_wconf 93' lang='grc'>4</span> <span class='ocrx_word' id='word_1_183' title='bbox 186 3046 327 3124; x_wconf 80' lang='lat' dir='ltr'>Confugit</span> <span class='ocrx_word' id='word_1_184' title='bbox 347 3049 499 3109; x_wconf 90' lang='lat' dir='ltr'>interdum</span> <span class='ocrx_word' id='word_1_185' title='bbox 521 3048 625 3127; x_wconf 92' lang='lat' dir='ltr'>templi</span> <span class='ocrx_word' id='word_1_186' title='bbox 646 3050 775 3108; x_wconf 90' lang='lat' dir='ltr'>violator</span> <span class='ocrx_word' id='word_1_187' title='bbox 798 3049 836 3107; x_wconf 91' lang='lat' dir='ltr'>ad</span> <span class='ocrx_word' id='word_1_188' title='bbox 860 3067 952 3122; x_wconf 88' lang='lat' dir='ltr'>aram,</span> 
     </span>
     <span class='ocr_line' id='line_1_33' title="bbox 227 3133 941 3211; baseline 0.001 -19"><span class='ocrx_word' id='word_1_189' title='bbox 227 3133 291 3192; x_wconf 89' lang='lat' dir='ltr'>Nec</span> <span class='ocrx_word' id='word_1_190' title='bbox 314 3140 417 3211; x_wconf 87' lang='lat' dir='ltr'>petere</span> <span class='ocrx_word' id='word_1_191' title='bbox 440 3133 546 3193; x_wconf 77' lang='lat' dir='ltr'>offensi</span> <span class='ocrx_word' id='word_1_192' title='bbox 567 3135 697 3194; x_wconf 89' lang='lat' dir='ltr'>numinis</span> <span class='ocrx_word' id='word_1_193' title='bbox 719 3136 821 3194; x_wconf 89' lang='lat' dir='ltr'>horret</span> <span class='ocrx_word' id='word_1_194' title='bbox 843 3152 941 3211; x_wconf 90' lang='lat' dir='ltr'>opem.</span> 
     </span>
    </p>

    <p class='ocr_par' dir='ltr' id='par_1_9' title="bbox 144 3217 1095 3383">
     <span class='ocr_line' id='line_1_34' title="bbox 144 3217 1095 3297; baseline 0.004 -19"><span class='ocrx_word' id='word_1_195' title='bbox 144 3224 160 3278; x_wconf 88' lang='lat'>5</span> <span class='ocrx_word' id='word_1_196' title='bbox 187 3217 316 3278; x_wconf 90' lang='lat' dir='ltr'>Conscia</span> <span class='ocrx_word' id='word_1_197' title='bbox 338 3238 423 3278; x_wconf 87' lang='lat' dir='ltr'>mens</span> <span class='ocrx_word' id='word_1_198' title='bbox 445 3226 479 3277; x_wconf 91' lang='lat' dir='ltr'>ut</span> <span class='ocrx_word' id='word_1_199' title='bbox 502 3221 611 3297; x_wconf 90' lang='lat' dir='ltr'>cuique</span> <span class='ocrx_word' id='word_1_200' title='bbox 634 3239 692 3280; x_wconf 86' lang='lat' dir='ltr'>sua</span> <span class='ocrx_word' id='word_1_201' title='bbox 714 3226 769 3295; x_wconf 89' lang='lat' dir='ltr'>est,</span> <span class='ocrx_word' id='word_1_202' title='bbox 797 3220 841 3279; x_wconf 89' lang='lat' dir='ltr'>ita</span> <span class='ocrx_word' id='word_1_203' title='bbox 863 3220 996 3297; x_wconf 88' lang='lat' dir='ltr'>concipit</span> <span class='ocrx_word' id='word_1_204' title='bbox 1017 3221 1095 3283; x_wconf 77' lang='lat' dir='ltr'>intra</span> 
     </span>
     <span class='ocr_line' id='line_1_35' title="bbox 227 3303 987 3383; baseline 0.001 -21"><span class='ocrx_word' id='word_1_205' title='bbox 227 3303 356 3364; x_wconf 91' lang='lat' dir='ltr'>Pectora</span> <span class='ocrx_word' id='word_1_206' title='bbox 376 3323 431 3383; x_wconf 89' lang='lat' dir='ltr'>pro</span> <span class='ocrx_word' id='word_1_207' title='bbox 453 3304 535 3364; x_wconf 86' lang='lat' dir='ltr'>facto</span> <span class='ocrx_word' id='word_1_208' title='bbox 557 3323 702 3382; x_wconf 90' lang='lat' dir='ltr'>spemque</span> <span class='ocrx_word' id='word_1_209' title='bbox 725 3311 900 3381; x_wconf 90' lang='lat' dir='ltr'>metumque</span> <span class='ocrx_word' id='word_1_210' title='bbox 922 3323 987 3364; x_wconf 91' lang='lat' dir='ltr'>suo.</span> 
     </span>
    </p>

    <p class='ocr_par' dir='ltr' id='par_1_10' title="bbox 142 3387 960 3553">
     <span class='ocr_line' id='line_1_36' title="bbox 142 3387 954 3467; baseline -0.002 -17"><span class='ocrx_word' id='word_1_211' title='bbox 142 3395 161 3450; x_wconf 85' lang='grc'><strong>6</strong></span> <span class='ocrx_word' id='word_1_212' title='bbox 187 3387 321 3466; x_wconf 89' lang='lat' dir='ltr'>Corpora</span> <span class='ocrx_word' id='word_1_213' title='bbox 343 3389 493 3450; x_wconf 88' lang='lat' dir='ltr'>debentur</span> <span class='ocrx_word' id='word_1_214' title='bbox 514 3391 637 3449; x_wconf 87' lang='lat' dir='ltr'>maestis</span> <span class='ocrx_word' id='word_1_215' title='bbox 660 3392 827 3467; x_wconf 81' lang='lat' dir='ltr'>exsanguia</span> <span class='ocrx_word' id='word_1_216' title='bbox 848 3390 954 3463; x_wconf 87' lang='lat' dir='ltr'>bustis,</span> 
     </span>
     <span class='ocr_line' id='line_1_37' title="bbox 226 3474 960 3553; baseline 0 -21"><span class='ocrx_word' id='word_1_217' title='bbox 226 3474 379 3551; x_wconf 83' lang='lat' dir='ltr'>Effugiunt</span> <span class='ocrx_word' id='word_1_218' title='bbox 400 3481 532 3535; x_wconf 88' lang='lat' dir='ltr'>structos</span> <span class='ocrx_word' id='word_1_219' title='bbox 553 3494 664 3535; x_wconf 91' lang='lat' dir='ltr'>nomen</span> <span class='ocrx_word' id='word_1_220' title='bbox 685 3475 841 3553; x_wconf 89' lang='lat' dir='ltr'>honorque</span> <span class='ocrx_word' id='word_1_221' title='bbox 863 3492 960 3550; x_wconf 83' lang='lat' dir='ltr'>rogos.</span> 
     </span>
    </p>

    <p class='ocr_par' dir='ltr' id='par_1_11' title="bbox 144 3558 986 3721">
     <span class='ocr_line' id='line_1_38' title="bbox 144 3558 986 3633; baseline -0.001 -15"><span class='ocrx_word' id='word_1_222' title='bbox 144 3564 160 3618; x_wconf 85' lang='grc'>7</span> <span class='ocrx_word' id='word_1_223' title='bbox 186 3558 284 3620; x_wconf 86' lang='lat' dir='ltr'>Crede</span> <span class='ocrx_word' id='word_1_224' title='bbox 306 3560 393 3619; x_wconf 90' lang='lat' dir='ltr'>mihi:</span> <span class='ocrx_word' id='word_1_225' title='bbox 419 3559 531 3621; x_wconf 87' lang='lat' dir='ltr'>distant</span> <span class='ocrx_word' id='word_1_226' title='bbox 552 3580 651 3621; x_wconf 90' lang='lat' dir='ltr'>mores</span> <span class='ocrx_word' id='word_1_227' title='bbox 673 3579 692 3620; x_wconf 93' lang='lat' dir='ltr'>a</span> <span class='ocrx_word' id='word_1_228' title='bbox 714 3562 846 3620; x_wconf 90' lang='lat' dir='ltr'>carmine</span> <span class='ocrx_word' id='word_1_229' title='bbox 868 3566 986 3633; x_wconf 82' lang='lat' dir='ltr'>nostro;</span> 
     </span>
     <span class='ocr_line' id='line_1_39' title="bbox 226 3644 904 3721; baseline 0 -18"><span class='ocrx_word' id='word_1_230' title='bbox 226 3644 294 3704; x_wconf 89' lang='lat' dir='ltr'>Vita</span> <span class='ocrx_word' id='word_1_231' title='bbox 315 3646 491 3706; x_wconf 85' lang='lat' dir='ltr'>verecunda</span> <span class='ocrx_word' id='word_1_232' title='bbox 513 3654 568 3721; x_wconf 90' lang='lat' dir='ltr'>est,</span> <span class='ocrx_word' id='word_1_233' title='bbox 592 3646 679 3706; x_wconf 83' lang='lat' dir='ltr'>illusa</span> <span class='ocrx_word' id='word_1_234' title='bbox 700 3647 806 3705; x_wconf 88' lang='lat' dir='ltr'>iocosa</span> <span class='ocrx_word' id='word_1_235' title='bbox 827 3663 904 3704; x_wconf 88' lang='lat' dir='ltr'>mea.</span> 
     </span>
    </p>
   </div>
   <div class='ocr_carea' id='block_1_6' title="bbox 0 0 1339 4228">
    <p class='ocr_par' dir='ltr' id='par_1_12' title="bbox 0 0 1339 4228">
     <span class='ocr_line' id='line_1_40' title="bbox 0 0 1339 4228; baseline 0 0"><span class='ocrx_word' id='word_1_236' title='bbox 0 0 1339 4228; x_wconf 95' lang='lat' dir='ltr'> </span> 
     </span>
    </p>
   </div>
  </div>
 </body>
</html>
