2660 4228
194 298 239 354 An
259 298 305 353 dic
322 297 451 353 Freunde
468 315 504 353 au
521 298 601 354 Rom.
636 301 724 355 Trist.
737 300 790 367 111,
805 304 830 363 4,
843 303 953 356 47-78.
1014 309 1066 371 121

161 474 278 551 Nempe
300 474 383 553 quod
405 475 455 534 hic
479 473 548 552 alte,
573 475 733 536 demissius
755 475 807 536 ille
829 477 968 553 volabat;

203 559 282 619 Nam
304 578 420 638 pennas
444 559 533 621 ambo
554 579 615 621 non
636 561 773 621 habuere
795 582 877 623 suas.

93 649 135 704 25
162 642 260 707 Crede
283 646 362 722 mihi,
387 645 465 705 bene
489 648 540 724 qui
562 645 660 722 latuit,
683 646 763 708 bene
784 649 868 725 vixit,
894 655 922 708 et
945 649 1023 711 intra

202 730 368 792 Fortunam
390 730 483 791 debet
505 734 634 809 quisque
656 751 777 794 manere
800 752 896 794 suam.

159 817 227 876 Non
249 817 325 877 foret
346 815 499 876 Eumedes
521 818 623 894 orbus,
647 819 673 877 si
695 819 775 879 iilius
799 820 864 879 eius

202 900 319 962 Stultus
340 901 494 962 Achilleos
516 921 576 964 non
599 904 774 964 adamasset
796 923 906 983 equos;

158 988 224 1049 Nec
245 994 351 1048 natum
372 988 403 1048 in
425 988 547 1049 flamma
568 988 702 1065 vidisset,
726 991 756 1048 in
780 990 887 1050 arbore
909 997 1005 1067 natas,

93 1077 134 1132 30
203 1071 342 1152 Cepisset
363 1074 481 1150 genitor
502 1075 528 1133 si
549 1074 739 1135 Phaithonta
760 1075 889 1154 Merops.

158 1158 203 1219 Tu
226 1176 349 1237 quoque
371 1158 500 1219 formida
521 1160 646 1219 nimium
667 1160 808 1221 sublimia
830 1180 959 1240 semper,

200 1243 420 1323 Propositique,
444 1264 562 1323 precor,
587 1247 733 1307 contrahe
754 1247 824 1306 vela
845 1248 898 1308 tui.

156 1331 234 1390 Nam
255 1330 335 1408 pede
357 1331 503 1397 inoffenso
525 1333 657 1409 spatium
680 1332 842 1392 decurrere
865 1334 945 1395 ritae

199 1417 313 1494 Dignus
336 1434 369 1476 es
392 1424 423 1477 et
444 1418 506 1477 lato
530 1417 706 1478 candidiore
728 1418 796 1478 frui.

90 1504 132 1561 35
157 1501 242 1573 Quae
264 1521 319 1580 pro
340 1508 371 1562 te
394 1508 428 1562 ut
448 1522 585 1578 voveam,
610 1504 674 1563 miti
696 1504 809 1581 pietate
831 1505 955 1564 mereris

198 1587 398 1665 Haesuraquc
420 1588 493 1647 mihi
515 1594 635 1665 tempus
656 1590 687 1647 in
710 1606 799 1648 omne
821 1588 893 1648 lide.

155 1671 223 1730 Vidi
246 1690 302 1749 ego
325 1678 355 1731 te
377 1672 432 1730 tali
453 1671 540 1731 vultu
561 1690 632 1731 mea
653 1673 717 1731 lata
738 1679 916 1750 gementem,

109 1816 111 1820 ,
201 1756 329 1827 Qualem
353 1756 498 1816 credibile
522 1763 568 1816 est
590 1776 642 1817 ore
664 1758 757 1817 fuisse
780 1775 857 1817 meo.

158 1841 270 1900 Nostra
290 1846 360 1901 tuas
382 1842 444 1901 ridi
464 1841 606 1902 lacrimas
627 1862 719 1920 super
740 1862 794 1904 ora
817 1843 971 1921 cadentes,

92 1930 135 1987 40
202 1925 348 2004 Tempore
371 1945 447 2005 quas
462 1945 522 1987 uno
545 1927 667 2005 fidaque
689 1929 784 1989 verba
807 1928 878 1989 bibi.

158 2011 245 2071 Nunc
268 2030 389 2090 quoque
411 2020 593 2074 summotum
616 2014 716 2074 studio
740 2014 878 2076 defendis
901 2018 1040 2094 amicum,

199 2096 236 2156 Et
257 2097 346 2173 mala,
369 2099 421 2158 vix
443 2098 506 2159 ulla
526 2106 612 2178 parte
635 2100 775 2175 levanda,
799 2101 893 2162 levas.

156 2181 229 2242 Vive
252 2184 315 2244 sine
337 2184 458 2260 invidia,
483 2185 650 2262 mollesque
673 2186 817 2263 inglorius
840 2204 935 2246 annos

196 2267 300 2346 Exige,
325 2271 473 2330 amicitias
496 2275 526 2330 et
546 2270 602 2329 tibi
624 2272 713 2347 iunge
735 2288 839 2349 pares3

90 2356 132 2412 45
155 2353 345 2432 Nasonisque
367 2355 420 2424 tui,
445 2355 527 2431 quod
551 2355 653 2414 adhuc
675 2373 736 2414 non
760 2354 880 2414 exsulat
901 2371 1003 2428 unum,

198 2438 316 2499 Nomen
339 2457 420 2500 ama:
445 2437 607 2517 Scythicus
631 2445 734 2499 cetera
755 2439 869 2500 Pontus
890 2438 993 2498 habet.

478 2607 674 2618 *-

288 2728 340 2801 41.
368 2730 420 2801 An
442 2731 496 2799 die
518 2731 671 2800 Frennde
693 2751 735 2800 ιιι
756 2732 848 2801 lton.

433 2853 510 2904 crum
525 2854 565 2907 111,
580 2850 600 2907 ι,
614 2851 709 2903 rr-rs.)

120 2955 205 3009 Diese
224 2954 320 3023 Elegia
338 2954 422 3011 istiu
440 2955 494 3010 den
511 2956 630 3010 meisten
641 2953 861 3011 Handschriiten
880 2955 931 3011 mit
949 2957 999 3011 der
1015 2973 1067 3013 vo·

68 3033 149 3100 rigen
171 3047 206 3086 au
228 3032 304 3086 einer
322 3032 450 3100 einzigen
467 3032 639 3097 verbunden,
665 3032 757 3087 bildet
780 3033 848 3088 aber
870 3030 916 3086 fiir
940 3033 998 3089 sich
1022 3035 1067 3089 ein

68 3109 179 3164 Gonnos
198 3102 259 3163 ¹und
280 3108 407 3163 scheidet
430 3108 488 3164 sich
511 3124 557 3162 um
580 3124 611 3164 so
633 3107 770 3173 schtrler,
796 3108 861 3164 weil
882 3110 928 3165 die
951 3110 1067 3167 vorher·

69 3184 196 3253 gehende
213 3199 265 3238 nur
277 3185 367 3238 oinem
383 3185 526 3239 einzelnen
538 3184 668 3240 Freunde
679 3186 830 3253 gewidmet
842 3185 880 3241 ist
891 3187 947 3241 uud
959 3188 1066 3243 sowohl

70 3261 150 3316 einen
167 3259 363 3315 einheitlichen
375 3260 630 3329 Grundgedunlren,
648 3261 691 3317 als
708 3261 789 3316 einen
806 3261 899 3315 vollen
911 3262 1066 3327 Absohluss

69 3336 129 3401 hat,
159 3338 210 3392 der
230 3334 341 3392 ireilloh
364 3335 516 3392 tusserlieh
538 3336 626 3390 durch
650 3337 696 3391 die
719 3338 823 3393 letrten
844 3337 943 3394 Worte
967 3343 1067 3404 (cetera

70 3415 172 3468 Pontus
188 3413 278 3477 hahet)
300 3411 359 3467 sich
382 3414 434 3468 mit
457 3414 521 3468 dem
538 3413 701 3481 Folgenden
723 3415 753 3468 iu
770 3414 954 3483 Verblndung
971 3420 1066 3471 seiron

68 3493 145 3547 litsst
180 3490 239 3544 Der
255 3488 371 3546 Dichter
389 3491 508 3560 belrlagt
525 3490 586 3545 hier
603 3492 699 3546 seinen
720 3493 805 3556 oden,
831 3491 927 3547 kalten
945 3491 1066 3550 Aufent-

69 3567 127 3621 halt
143 3582 188 3620 am
204 3565 321 3631 Pontus,
347 3567 423 3622 scine
440 3567 524 3622 weite
541 3568 691 3635 Trennung
708 3584 764 3622 von
780 3569 944 3633 Vaterland,
968 3569 1065 3624 Gattin

68 3644 125 3698 und
147 3644 228 3699 allem
250 3642 408 3710 Geliebten,
434 3644 502 3701 heht
527 3644 604 3701 scine
627 3644 784 3700 Sehnsuoht
804 3645 862 3699 und
885 3645 946 3700 sein
969 3647 1065 3700 immor
