2660 4224
247 293 289 355 46
436 290 555 347 Perseus
572 290 630 345 und
647 288 741 346 Atlas.
775 291 840 346 Mat.
852 290 900 351 IV,
916 291 1059 346 ull—662.

334 464 474 526 Constitit
495 467 648 545 Hesperio,
672 468 771 544 regnis
792 465 930 540 Atlantis,
954 464 984 525 in
1007 465 1095 541 orbe;

331 551 539 630 Exiguamque
560 554 636 630 petit
657 553 801 630 requiem,
826 552 898 611 dum
919 551 1040 611 Lucifer
1060 553 1146 629 ignes

249 639 309 695 630
331 636 447 699 Evocat
468 638 612 715 Aurorae,
638 657 744 698 currus
766 636 884 698 Aurora
906 638 1038 698 diurnos.

332 722 389 783 Hic
410 723 565 784 hominum
588 731 715 785 cunctos
737 726 849 802 ingenti
872 741 998 802 corpore
1021 729 1183 802 praestans

332 807 535 886 Iapetionides
556 809 642 870 Atlas
664 811 729 870 tuit.
773 808 884 870 Ultima
905 809 997 870 tellus

332 894 417 972 Rege
439 896 496 956 sub
518 897 578 957 hoo
601 903 632 957 et
653 901 764 975 pontus
787 902 860 970 erat,
884 896 936 973 qui
958 893 1037 955 Solis
1060 892 1178 954 anhelis

332 979 475 1058 Aequora
496 982 599 1042 subdit
622 983 709 1060 equis
732 987 762 1041 et
783 982 880 1041 fessos
903 981 1016 1059 excipit
1038 998 1122 1040 axes.

249 1066 309 1123 635
333 1066 413 1126 Mille
436 1086 542 1146 greges
564 1069 607 1128 illi
628 1067 817 1145 totidemque
840 1072 976 1127 armenta
996 1085 1051 1144 per
1072 1065 1186 1125 herbas

332 1150 488 1229 Errabant,
514 1160 544 1214 et
564 1154 690 1214 humum
711 1154 822 1213 vicinia
843 1152 928 1213 nulla
949 1150 1114 1231 premebat.

332 1235 486 1297 Arboreae
508 1240 639 1315 fiendae,
665 1258 738 1299 auro
761 1239 898 1300 radiante
920 1239 1061 1311 virentes,

331 1320 377 1381 Ex
400 1342 473 1383 auro
496 1344 606 1398 ramos,
631 1344 670 1384 ex
693 1343 766 1384 auro
789 1343 879 1402 poma
900 1323 1053 1402 tegebant.

333 1407 502 1486 „Hospes“,
526 1411 567 1470 ait
588 1410 718 1471 Perseus
738 1409 790 1485 illi,
814 1428 891 1484 „seu
913 1408 1008 1487 gloria
1029 1410 1124 1486 tangit

249 1493 309 1550 640
333 1493 375 1552 Tc
399 1498 517 1572 generis
538 1497 648 1574 magni,
673 1496 791 1573 generis
812 1493 884 1554 mihi
905 1493 1038 1573 Iuppiter
1060 1500 1182 1567 auctor;

333 1577 403 1639 Sive
427 1600 460 1641 es
481 1582 604 1641 mirator
626 1601 734 1656 rerum,
758 1580 906 1641 mirabere
928 1587 1057 1641 nostras.
1139 1652 1141 1655 ¹

332 1664 499 1745 Hospitium
527 1670 723 1745 requiemque
746 1666 848 1746 peto.“
892 1665 1006 1726 Memor
1030 1664 1082 1726 ille
1104 1671 1246 1725 vetustae
1319 1704 1320 1731 ;

333 1749 428 1811 Sortis
444 1759 509 1812 erat
522 1753 677 1814 -Themis
691 1753 771 1812 hanc
783 1752 911 1812 dederat
921 1751 1066 1812 Parnasia
1077 1756 1190 1811 sortem
1203 1770 1243 1809 -:

333 1836 493 1915 „Tempus
517 1837 597 1913 Atla,
620 1841 730 1914 veniet,
753 1845 808 1898 tua
830 1856 890 1915 quo
913 1837 1091 1917 spoliabitur
1113 1854 1188 1896 auro

249 1921 308 1977 645
331 1921 437 1997 Arbor,
462 1929 492 1981 et
514 1923 595 1982 hunc
610 1924 743 2002 praedae
759 1924 880 1983 titulum
893 1922 964 1983 love
982 1929 1073 1982 natus
1087 1921 1245 1982 habebit.“
1317 1964 1320 2019 4

331 2006 366 2066 ld
387 2014 526 2068 metucns
547 2009 652 2069 solidis
673 2011 809 2086 pomaria
832 2008 984 2069 clauserat
1005 2006 1090 2068 Atlas

331 2092 490 2154 Moenibus
513 2101 544 2154 et
563 2101 651 2154 vasto
675 2094 802 2155 dederat
823 2093 974 2154 servanda
996 2094 1120 2153 draconi

331 2177 526 2257 Aroebatque
548 2182 610 2240 suis
633 2186 774 2240 externos
796 2179 907 2240 finibus
929 2199 1042 2240 omnes.

332 2263 412 2323 Huic
428 2283 565 2343 quoque:
591 2265 696 2339 „Vade
715 2265 830 2343 procul,
850 2284 889 2326 ne
904 2265 992 2343 longe
1015 2264 1110 2342 gloria
1131 2283 1245 2338 rerum,

247 2349 308 2406 550
333 2348 430 2421 Quam
451 2352 617 2427 mentiris“,
643 2353 692 2427 ait,
717 2350 825 2428 „longe
847 2351 902 2411 tibi
923 2350 1057 2430 Iuppiter
1079 2350 1190 2426 absit,“

330 2435 457 2513 Vimque
479 2437 567 2497 minis
590 2437 683 2511 addit,
712 2435 912 2514 manibusque
941 2436 1093 2515 expellere
1115 2441 1246 2514 temptat
1320 2512 1321 2515 Ἴ

333 2520 533 2583 Cunctantem
556 2529 586 2583 ct
607 2523 736 2601 placidis
757 2524 935 2582 miscentem
956 2523 1045 2581 fortia
1066 2522 1164 2581 dictis.

330 2606 450 2667 Viribus
471 2607 592 2668 inferior
614 2640 637 2648 -
661 2610 728 2686 quis
751 2609 830 2667 enim
851 2626 907 2687 par
928 2613 1009 2668 esset
1030 2605 1143 2667 Atlanti

330 2691 472 2751 Viribus‘l
494 2723 517 2732 -
541 2693 600 2768 „At
623 2695 764 2771 quoniam
779 2695 864 2771 parvi
878 2693 933 2752 tibi
948 2694 1045 2771 gratia
1065 2698 1171 2752 nostra
1187 2699 1243 2769 est,

247 2779 307 2834 655
330 2776 445 2855 Accipe
467 2777 615 2838 munusl“
638 2781 688 2853 ait,
711 2778 861 2856 laevaque
885 2798 903 2839 a
925 2786 1010 2857 parte
1032 2778 1177 2838 Medusae

329 2861 397 2940 Ipse
419 2869 605 2924 retroversus
628 2863 798 2941 squalentia
819 2864 951 2942 prodidit
972 2883 1034 2924 ora.

330 2948 468 3021 Quantus
481 2956 553 3024 erat,
567 2968 653 3010 mons
664 2949 865 3010 factusAtlas.
881 2949 1061 3010 Nambarba
1073 2967 1245 3028 comaeque
1320 2960 1321 2985 ¹

329 3032 362 3093 In
384 3033 485 3094 silvas¹
501 3035 622 3108 abeunt,
646 3037 716 3113 iuga
738 3041 808 3096 sunt
830 3037 987 3114 umerique
1009 3052 1192 3113 manusque;

330 3118 419 3189 Quod
435 3127 527 3199 caput
543 3128 611 3180 ante
627 3121 691 3193 fuit,
715 3140 831 3182 summo
853 3123 943 3182 estin
957 3129 1058 3182 monte
1075 3139 1242 3196 cacumen3

246 3206 305 3263 660
330 3204 407 3265 Ossa
429 3205 506 3284 lapis
528 3207 615 3266 fiunt.
661 3206 737 3266 Tum
759 3214 861 3285 partes
884 3212 993 3267 auctus
1015 3209 1045 3266 in
1067 3215 1173 3267 omnes

329 3289 432 3352 Crevit
452 3293 483 3350 in
504 3293 674 3352 inmensum
696 3324 719 3332 -
741 3294 795 3369 sic,
820 3292 859 3368 di,
883 3294 1030 3352 statuistis
1053 3323 1075 3332 -
1099 3299 1128 3352 et
1150 3310 1244 3352 omne

329 3375 405 3436 Cum
427 3383 473 3437 tot
494 3377 645 3437 sideribus
668 3378 788 3437 caelum
810 3379 958 3455 requievit
979 3380 1010 3437 in
1031 3378 1092 3437 illo.

295 3500 406 3576 Perseus
422 3501 524 3554 scendet
540 3501 596 3555 siclt
613 3503 725 3553 αὶεᾱαηπ
746 3501 795 3554 mit
812 3500 908 3554 acinam
924 3501 1084 3572 siegreiclrm
1100 3500 1187 3565 qupa
1209 3519 1243 3553 zu

242 3574 292 3627 den
312 3575 460 3645 Atbiopan,
477 3577 569 3649 findet
593 3577 654 3629 dori
676 3576 719 3629 die
742 3578 968 3647 Andromeda,
992 3580 1035 3633 die
1057 3581 1170 3633 Tocbler
1196 3581 1243 3633 dec

246 3651 394 3720 captam
417 3652 474 3704 und
493 3654 540 3706 der
563 3652 773 3722 Cassiopea'a,
800 3654 850 3709 wr'e
874 3656 913 3710 aie
936 3658 1018 3711 cirtem
1043 3660 1243 3729 Seeunpelrsuer
