2660 4224
319 292 501 363 Pythagoras.
537 294 603 348 liet.
619 292 680 358 XV,
696 296 823 349 60-269.
1027 301 1068 362 93

155 466 276 529 Cuncta
297 469 360 528 sine
383 468 498 528 insidiis
519 468 695 547 nullamque
718 470 854 530 timentia
875 470 1014 531 fraudem

154 554 308 632 Plenaque
330 554 415 632 pacis
437 559 533 614 erant.
576 553 741 632 Postquam
766 574 828 615 non
854 556 936 616 utilis
963 562 1070 617 auctor

154 639 291 700 Victibus
311 640 427 713 invidit,
451 641 586 719 quisquis
607 641 663 701 fuit
684 640 745 716 ille,
769 642 900 702 ferorum

69 728 129 784 105
156 725 385 805 corporeasque
409 724 504 804 dapes
527 726 648 786 avidam
670 725 813 787 demersit
834 727 865 786 in
888 727 997 803 alvum,

155 812 242 872 Fecit
261 812 319 871 iter
340 811 458 872 sceleri.
502 810 661 890 Primoque
685 831 701 872 e
724 812 819 872 caede
842 813 975 872 ferarum

154 897 319 957 lncaluisse
342 903 433 976 putes
454 897 641 958 maculatum
663 899 810 975 sanguine
832 897 954 958 ferrum.

154 982 249 1060 quue
272 983 346 1044 satis
367 983 474 1057 fuerat,
498 989 695 1059 nostrumque
717 983 852 1060 petentia
873 982 967 1042 letum

156 1066 292 1146 Corpora
312 1068 405 1128 missa
425 1069 495 1128 neci
517 1068 604 1128 salva
625 1069 739 1146 pietate
762 1069 906 1141 fatemur;

70 1157 130 1213 110
155 1152 216 1214 Sed
240 1172 332 1232 quam
354 1153 458 1213 danda
477 1155 556 1229 neci,
580 1160 724 1213 tamnen
747 1152 900 1232 epulanda
918 1154 1048 1214 fuerunt.

155 1241 287 1318 Longius
307 1239 378 1299 inde
400 1239 485 1299 nefas
509 1237 594 1314 abiit3
619 1245 650 1298 et
671 1240 767 1316 prima
788 1244 912 1316 putatur

155 1325 334 1385 Hestiaeus
355 1326 501 1385 meruisse
522 1326 608 1398 mori,
632 1326 703 1402 quia
725 1325 842 1384 semina
863 1324 964 1403 pando

154 1410 282 1471 Eruerat
303 1417 399 1471 rostro
421 1428 568 1489 spemque
589 1411 794 1489 interceperat
816 1412 900 1486 anni3

155 1495 221 1556 Vite
243 1514 336 1574 caper
357 1514 458 1556 morsa
478 1496 593 1556 Bacchi
615 1496 797 1556 mactandus
820 1496 858 1555 ad
883 1514 951 1556 aras

69 1585 130 1640 115
155 1581 284 1642 Ducitur
305 1581 424 1655 ultoris3
448 1583 553 1641 nocuit
574 1599 631 1640 sua
653 1580 745 1657 culpa
767 1579 897 1639 duobus.

156 1668 236 1739 Quid
257 1666 418 1738 meruistis,
441 1683 523 1739 oves,
545 1664 701 1742 placidum
723 1683 819 1742 pecus
837 1666 928 1741 inque
943 1667 1070 1726 tuendos

156 1753 270 1812 Natum
291 1749 437 1823 homines,
463 1749 554 1827 pleno
577 1768 656 1827 quae
678 1750 762 1809 fertis
783 1751 814 1810 in
836 1749 930 1810 ubere
955 1759 1068 1821 nectar,

157 1835 261 1896 Mollia
283 1852 362 1912 quae
383 1834 471 1893 nobis
492 1840 609 1896 vestras
630 1835 782 1896 velamina
803 1836 889 1896 lanas

157 1920 324 1993 Praebetis,
347 1920 470 1998 vitaque
492 1922 588 1998 magis
611 1939 702 1997 quam
723 1928 820 1982 morte
841 1922 972 1982 iuvatiel

71 2008 134 2066 120
158 2005 237 2078 Quid
259 2022 395 2065 meruere
418 2004 521 2079 boves,
545 2007 656 2067 animal
677 2008 742 2067 sine
764 2007 871 2067 fraude
894 2007 1031 2086 dolisque

156 2091 330 2168 innocuum,
354 2090 490 2169 simplex,
514 2098 619 2153 natum
640 2093 771 2154 tolerare
793 2092 935 2154 labores?

155 2177 304 2237 Inmemor
326 2184 373 2237 est
394 2177 517 2237 demum
537 2196 596 2238 nec
618 2179 737 2255 frugum
758 2196 883 2238 munere
906 2178 1023 2254 dignus

156 2263 215 2334 Qui
236 2263 342 2340 potuit,
366 2264 451 2322 curvi
474 2264 597 2341 dempto
619 2264 710 2322 modo
732 2264 868 2340 pondere
892 2265 992 2338 aratri,

155 2348 330 2408 Rurioolam
352 2353 488 2407 mactare
509 2366 607 2422 suum,
632 2349 684 2424 qui
704 2348 776 2406 trita
797 2347 903 2406 labore

71 2437 131 2493 125
156 2434 221 2507 llla,
246 2431 356 2511 quibus
377 2433 468 2492 toties
491 2432 600 2491 durum
621 2437 821 2491 renovaverat
844 2449 958 2504 arvum,

157 2517 343 2579 Condiderat
364 2535 489 2591 messes,
511 2518 662 2595 percussit
685 2516 765 2576 colla
785 2517 895 2576 securi.

156 2605 221 2665 Nec
244 2605 318 2664 satis
340 2607 394 2675 est,
419 2602 501 2679 quod
524 2601 585 2662 tale
606 2601 694 2662 netas
717 2603 923 2663 committitur:
947 2603 1029 2680 ipsos

156 2690 339 2767 Inscripsere
362 2688 437 2749 deos
458 2687 576 2763 sceleri,
599 2706 773 2765 numenque
795 2706 959 2766 supernum

159 2773 261 2836 Caede
284 2774 436 2835 laboriferi
460 2772 589 2834 credunt
610 2774 744 2852 gaudere
765 2774 916 2835 iuvenci.“
933 2807 955 2817 -
973 2806 995 2818 -

158 2979 183 3028 2.
210 2970 557 3040 Seelenwanderung
574 2972 644 3026 und
662 2973 795 3041 ewiger
811 2972 985 3028 Weehsel.

488 3073 519 3124 (v.
534 3070 655 3123 1re-ate.)

74 3202 134 3258 146
202 3176 346 3275 „Magna
369 3215 428 3257 nec
449 3198 575 3275 ingeniis
598 3198 765 3276 euestigata
786 3200 928 3276 priorum,

157 3284 303 3360 Quaeque
327 3283 379 3343 diu
400 3283 527 3359 latuere,
552 3300 672 3343 canam
713 3283 799 3344 Iuvat
820 3285 864 3344 ire
886 3303 941 3362 per
964 3285 1025 3348 alta

156 3368 258 3443 Astra3
282 3369 374 3443 iuvat,
398 3370 484 3429 terris
508 3373 538 3428 et
560 3369 647 3428 inerti
668 3370 742 3428 sede
764 3369 880 3444 relicta,

155 3452 245 3513 Nube
267 3453 337 3512 vehi
358 3453 510 3532 validique
532 3454 644 3514 umeris
665 3454 802 3514 insistere
824 3454 963 3530 Atlantis,

74 3543 132 3600 150
156 3538 357 3616 Palantesque
379 3539 516 3603 homines
537 3539 650 3617 passim
672 3557 710 3599 ae
731 3540 855 3600 rationis
878 3545 1001 3615 egentes

154 3624 339 3703 Despectare
361 3625 476 3701 procul,
503 3624 698 3704 trepidosque
726 3623 902 3701 obitumque
931 3626 1071 3684 timentes
