2660 4228
413 216 458 271 Au
475 218 521 272 die
538 217 643 274 Gattin
678 218 762 272 Trist.
775 218 810 283 V,
826 220 867 274 14.
1075 221 1134 284 138

218 394 220 397 ’
269 393 403 467 Quamne
425 392 513 453 malis
536 392 625 453 aliam
648 411 793 470 quaerere
817 411 909 452 coner
931 394 1042 472 opeml

227 477 296 541 Sive
318 478 420 539 locum
442 485 561 556 specto:
585 479 672 539 loeus
695 485 741 539 est
762 478 941 553 inamabilis,
965 485 996 539 et
1017 498 1077 557 quo

268 564 340 625 Esse
363 564 436 625 nihil
458 570 522 624 toto
545 566 659 625 tristius
682 564 754 624 orbe
776 571 893 643 potest3

160 654 201 709 45
226 649 294 710 Sive
316 651 464 710 homines:
488 651 540 709 vix
561 657 631 710 sunt
652 652 788 711 homines
809 651 869 710 hoo
890 650 1010 709 nomine
1034 650 1122 728 digni,

268 735 426 814 Quamque
448 736 511 814 lupi
533 754 644 796 saevae
666 737 735 814 plus
757 737 883 796 feritatis
905 735 1027 795 habent.

224 823 291 883 Non
313 827 451 881 metuunt
472 821 565 898 leges,
589 823 644 882 sed
668 823 749 882 oedit
771 822 885 881 viribus
908 839 1048 897 aequum,

265 907 412 985 Victaque
435 909 566 985 pugnaci
588 909 654 966 iura
676 907 732 966 suh
757 925 828 965 ense
844 908 961 969 iacent.

224 993 356 1053 Pellibus
380 999 410 1053 et
431 992 509 1052 laxis
533 999 638 1051 araent
657 993 739 1052 mala
759 992 870 1068 frigora
891 992 1001 1066 bracis,

159 1084 200 1138 50
267 1078 388 1156 Oraque
411 1083 481 1137 sunt
502 1078 600 1153 longis
622 1078 745 1137 horrida
766 1082 849 1136 terta
872 1078 975 1136 oomis.

223 1165 256 1224 11
277 1165 385 1242 paucis
408 1168 528 1223 exstant
551 1162 685 1223 Graecae
708 1164 835 1240 vestigia
856 1161 987 1239 linguae,

266 1250 350 1310 Haeo
373 1266 495 1327 quoque
517 1249 578 1309 iam
601 1248 705 1309 Getico
728 1249 860 1309 barbara
881 1249 964 1307 faeta
986 1265 1071 1308 sono.

224 1335 306 1396 Unus
328 1336 358 1394 in
379 1335 439 1395 hoo
460 1353 521 1395 non
544 1341 589 1395 est
611 1335 732 1413 populo,
757 1335 809 1412 qui
830 1336 906 1394 forte
929 1333 1034 1394 Latine

266 1420 426 1494 Quaelibet
449 1422 587 1481 emedio
610 1421 738 1481 reddere
760 1420 854 1480 verba
877 1424 979 1496 queat.

161 1509 200 1565 55
223 1507 277 1567 1111
300 1526 354 1585 ego
376 1507 531 1566 Romanus
553 1513 639 1566 vates
663 1538 684 1546 -
708 1507 864 1583 ignoscite,
887 1501 1007 1563 Musaei
1031 1534 1055 1548 -

267 1590 434 1651 Sarmatico
459 1609 550 1668 cogor
571 1591 700 1668 plurima
722 1609 805 1649 more
826 1590 921 1666 loqui.

223 1676 268 1735 En
290 1676 386 1753 pudet
408 1680 438 1734 et
459 1675 564 1748 fateor,
586 1676 647 1733 iam
667 1676 869 1735 desuetudine
891 1673 983 1750 longa

267 1759 324 1818 Vix
346 1759 479 1819 subeunt
499 1761 556 1838 ipsi
578 1759 673 1818 verba
693 1760 801 1819 Latina
821 1759 902 1818 mihi.

225 1845 290 1905 Nee
313 1844 427 1919 dubito,
452 1846 523 1922 quin
545 1846 604 1904 sint
627 1850 657 1904 et
678 1845 708 1904 in
729 1845 789 1904 hoo
811 1863 871 1905 non
893 1862 994 1922 panea
1016 1846 1119 1908 libello
1190 1912 1196 1921 ,

163 1933 202 1989 60
267 1929 415 2005 Barbara3
439 1948 499 1990 non
521 1930 649 1990 hominis
672 1931 770 2008 eulpa,
794 1931 849 1990 sed
871 1932 930 1990 ista
952 1930 1020 1990 loci.

223 2014 268 2075 Ne
291 2022 391 2075 tamen
412 2016 563 2076 Ausoniae
585 2016 711 2095 perdam
734 2018 916 2077 commercia
937 2016 1067 2094 linguae,

264 2100 302 2160 Et
324 2101 379 2160 fiat
399 2103 495 2179 patrio
518 2121 578 2161 vox
601 2120 669 2161 mea
690 2109 775 2162 muta
797 2121 880 2177 sono,

222 2186 288 2264 Ipse
311 2186 420 2264 loquor
441 2205 561 2246 meeum
584 2188 772 2265 desuetaque
795 2188 890 2247 verba
911 2192 1052 2261 retracto,

264 2271 301 2330 Et
323 2271 415 2331 studii
436 2279 540 2350 repeto
564 2273 650 2348 signa
671 2274 792 2331 sinistra
812 2273 881 2330 mei.

160 2360 199 2416 65
223 2355 274 2417 Sio
298 2358 429 2416 animum
450 2363 631 2434 tempusque
653 2357 749 2430 traho,
773 2375 883 2433 meque
905 2357 969 2432 ipse
992 2356 1107 2416 roduoo

265 2440 290 2500 A
314 2441 519 2520 contemplatu
542 2459 745 2518 semoveoque
768 2442 847 2501 mali.

224 2525 414 2587 Carminibus
437 2545 550 2604 quaero
574 2527 750 2586 miserarum
772 2526 884 2586 oblivia
905 2543 1020 2587 rerum:

264 2611 401 2672 Praemia
422 2613 447 2672 si
470 2613 571 2673 studio
594 2629 764 2689 consequar
785 2614 852 2687 ista,
875 2618 923 2672 sat
946 2617 1000 2673 est.

456 2875 508 2946 47.
541 2878 592 2945 An
615 2877 668 2945 die
692 2878 815 2947 (111111.

556 2998 614 3048 (nro.
628 3000 656 3050 v,
671 2994 715 3047 rr.)

187 3101 239 3157 llit
256 3101 349 3155 dieser
361 3099 564 3168 Sohlussolegie
578 3101 692 3156 widmet
703 3101 753 3154 der
765 3099 880 3154 Diohter
891 3101 1132 3168 gewissormassen

137 3181 187 3234 das
204 3193 292 3246 ganno
309 3177 397 3233 Werk
414 3178 465 3233 der
481 3176 605 3231 Tristior
622 3178 714 3232 seinor
732 3176 840 3241 1111111,
866 3177 959 3232 indem
983 3193 1013 3233 er
1034 3178 1136 3233 darauf

137 3254 278 3317 11111111,
304 3255 357 3310 wie
382 3253 425 3309 ihr
447 3251 608 3310 Andonkon
631 3253 690 3308 und
713 3253 755 3307 ihr
779 3254 841 3309 Lob
865 3255 917 3309 das
939 3270 1027 3322 gauzo
1043 3254 1132 3311 Werk

137 3330 358 3399 durobsohlinge,
376 3331 433 3385 und
445 3330 499 3385 wie
511 3329 635 3385 dadnroh
653 3330 697 3384 ihr
709 3330 795 3384 Name
813 3330 869 3384 und
887 3331 938 3384 der
949 3331 1041 3386 Ruhm
1058 3332 1132 3386 ihrer

66 3408 71 3415 “
137 3407 366 3477 Γ1113111111111
383 3406 424 3463 sie
442 3407 596 3463 besonders
614 3407 642 3459 in
661 3407 763 3462 seinem
778 3406 907 3475 Unglttolr
925 3407 1051 3462 bewtthrt
1061 3408 1131 3463 habe

137 3486 193 3540 und
215 3484 306 3539 sioher
327 3483 397 3537 anob
420 3482 511 3539 forner
527 3482 674 3538 bewtthrou
692 3485 793 3545 warde,
820 3483 945 3551 zugloioh
967 3485 1018 3539 mit
1036 3485 1131 3540 seinen

137 3560 292 3617 (1111111111
309 3560 446 3626 rorewigt
464 3560 585 3617 worden.
