2660 4224
248 264 372 322 Diidulus
388 267 446 321 und
463 267 565 324 Icarus.
601 268 666 324 liet.
681 269 758 334 VIII,
776 234 918 324 lit-‘Ita
1040 275 1081 338 59

170 440 220 502 Ile
243 442 321 502 duce
344 461 435 521 carpe
457 443 567 504 riam.“
611 444 727 505 Pariter
747 453 913 525 praecepta
934 447 1056 508 volandi

170 526 283 602 Tradit,
307 529 469 606 etignotas
491 530 602 590 umeris
624 531 836 593 accommodat
858 532 932 594 alas.

84 614 147 671 21⁰
213 612 293 674 Inter
314 632 391 693 opus
412 615 603 693 monitusque
626 634 722 694 genae
743 619 887 678 maduere
910 617 1029 693 seniles,

171 698 208 758 Et
229 700 345 777 patriae
366 705 516 761 tremuere
537 719 655 762 manus.
700 702 789 763 Dedit
811 704 919 764 oscula
939 710 1021 779 nato,

170 784 238 844 Non
259 786 368 845 iterum
389 787 563 864 repetenda,
587 805 656 862 suc;
679 790 847 866 pennisque
869 788 989 850 levatus

170 863 251 930 Ante
272 871 364 946 volat,
389 872 550 949 comitique
572 874 665 948 timet,
689 874 774 934 velut
796 874 867 949 ales,
892 875 931 935 ab
956 875 1016 935 alto

171 954 256 1027 Quae
278 962 413 1017 teneram
434 957 549 1035 prolem
559 960 714 1036 produxit
734 960 765 1018 in
789 963 861 1019 aira
880 960 965 1034 nid0;

84 1040 147 1098 215
171 1040 375 1120 Hortatusque
397 1043 483 1119 sequi
506 1043 727 1121 damnosasque
752 1044 850 1105 erudit
873 1049 960 1120 artes,

170 1126 208 1186 Et
228 1132 330 1187 movet
350 1128 415 1205 ipse
438 1146 510 1188 suas
533 1135 563 1188 et
583 1130 647 1189 nati
667 1130 790 1207 respicit
814 1128 887 1190 alas.

170 1211 232 1273 Hos
255 1213 372 1290 aliquis,
401 1214 531 1274 tremula
553 1214 625 1275 dum
655 1221 758 1294 captat
778 1215 946 1276 harundine
968 1218 1076 1296 pisces,

169 1296 230 1358 Aut
251 1304 355 1377 pastor
376 1298 496 1376 baculo,
520 1301 636 1361 stivave
656 1302 777 1361 iunixus
799 1308 906 1376 arator,

168 1381 249 1443 Vidit
272 1389 302 1444 et
324 1384 475 1463 obstipuit,
507 1387 619 1464 quique
647 1386 771 1447 aethera
797 1404 922 1465 carpere
944 1395 1076 1466 possent,

81 1470 146 1527 220
170 1467 306 1530 Credidit
328 1488 394 1530 esse
417 1471 501 1532 deos.
544 1470 664 1532 Etiam
684 1472 810 1532 Iunonia
830 1472 921 1533 laeva

44 1619 48 1626 ,
168 1554 258 1615 Parte
280 1553 388 1615 Samos
409 1556 530 1616 fuerant
549 1556 702 1634 Delosque
724 1556 878 1633 Parosque
901 1557 1033 1635 relictae,

167 1638 284 1699 Dextra
304 1638 469 1699 Lebinthos
496 1647 562 1700 erat
587 1641 780 1718 fecundaque
806 1640 896 1700 melle
920 1639 1075 1720 Calymne?

171 1723 250 1783 Cum
270 1741 347 1801 puer
369 1723 480 1784 audaci
502 1726 603 1802 coepit
625 1725 759 1802 gaudere
781 1725 893 1800 volatu,

169 1806 370 1884 DeseruItque
393 1807 504 1868 ducem
537 1809 674 1887 caelique
697 1811 837 1889 cupidine
860 1818 975 1874 tractus

82 1895 147 1952 225
170 1890 269 1952 Altius
292 1893 351 1970 egit
371 1893 436 1952 iter.
480 1892 590 1972 Rapidi
611 1895 721 1957 vicinia
742 1896 814 1957 solis

170 1976 265 2037 Mollit
287 1978 437 2054 odoratas,
461 1997 628 2057 pennarum
649 1981 780 2056 vincula,
805 2001 900 2044 ceras.

169 2062 342 2124 Tabuerant
364 2081 466 2140 cerae,
489 2066 589 2126 nudos
610 2069 707 2144 quatit
728 2067 779 2128 ille
801 2068 942 2145 racemos,

168 2148 365 2228 Remigioque
389 2168 495 2211 carens
516 2170 578 2212 nou
599 2152 677 2213 ullas
699 2155 828 2232 percipit
850 2173 939 2216 auras

168 2234 290 2314 Oraque
313 2234 457 2297 caerulea
478 2239 609 2315 patrium
631 2238 794 2300 clamantia
814 2257 924 2299 nomen

81 2321 144 2380 2³0
166 2319 366 2399 Excipiuntur
387 2339 480 2400 aqua:
505 2341 584 2399 quae
605 2341 716 2383 nomen
737 2324 829 2384 traxit
850 2324 888 2384 ab
911 2323 973 2383 illo.

166 2405 206 2466 At
226 2411 314 2483 pater
333 2406 446 2481 infelix,
469 2425 528 2466 nec
549 2408 610 2467 iam
631 2414 729 2485 pater:
756 2407 891 2482 „Icare“,
915 2408 998 2484 dixit,

168 2490 304 2566 „lcare“,
330 2491 405 2550 dixit
427 2490 500 2565 „ubi
523 2490 579 2551 es‘l
607 2498 719 2569 quate
741 2493 862 2570 regione
885 2494 1075 2570 requiraml“

169 2573 311 2650 „lcarel“
336 2574 470 2636 dicebat:
494 2594 611 2655 pennas
634 2577 752 2655 aspexit
772 2578 803 2637 in
829 2578 926 2638 undis.

166 2661 355 2739 Devovitque
378 2680 450 2722 suas
473 2668 562 2738 artes,
587 2680 757 2741 corpusque
780 2663 921 2742 sepulcro

83 2748 144 2806 235
170 2746 324 2822 conuicia
350 2753 380 2808 et
400 2747 492 2808 tellus
514 2766 533 2808 a
553 2749 674 2809 nomine
696 2749 779 2809 dicta
800 2749 920 2828 sepulti.

209 2831 306 2910 Hunc,
329 2834 430 2893 miseri
450 2832 565 2894 tumulo
588 2841 751 2913 ponentem
773 2853 900 2913 corpora
921 2839 993 2913 nati,

168 2917 295 2979 Garrula
315 2937 436 2980 ramosa
456 2921 612 2998 prospexit
634 2921 672 2981 ab
694 2921 765 2981 ilice
787 2921 903 3000 perdix,

166 3003 203 3064 lli
224 3002 336 3083 plausit
356 3006 463 3083 pennis
484 3011 656 3083 testataque
679 3006 792 3084 gaudia
814 3012 907 3067 cantu
930 3014 986 3068 est:

166 3088 262 3150 Unica
282 3095 356 3150 tunc
377 3090 509 3151 volucris
530 3108 589 3150 nec
610 3092 677 3152 visa
697 3091 847 3169 prioribus
870 3094 963 3168 aunis,

83 3175 143 3234 240
166 3174 324 3252 Factaque
344 3193 441 3254 nuper
463 3176 536 3248 avis,
559 3175 681 3255 longum
695 3176 758 3253 tibi,
781 3176 926 3253 Daedale,
951 3181 1072 3241 crimen.

165 3261 303 3338 Namque
324 3259 397 3321 huic
418 3260 594 3335 tradiderat,
617 3261 747 3322 fatorum
765 3262 878 3338 ignara,
903 3263 1074 3326 docendam

165 3340 345 3425 Progeniem
366 3364 509 3425 germana
529 3365 625 3422 suam,
648 3345 801 3407 natalibus
823 3348 900 3408 actis

164 3430 215 3491 Bis
236 3448 366 3509 puerum
387 3433 477 3508 senis,
501 3432 591 3492 animi
613 3431 653 3492 ad
674 3437 840 3511 praecepta
863 3435 995 3511 capacis.

163 3515 218 3577 llle
240 3517 330 3577 etiam
352 3517 451 3578 medio
473 3518 576 3596 spinas
597 3518 627 3578 in
649 3519 733 3596 pisce
754 3524 875 3579 notatas

80 3604 141 3661 245
164 3600 268 3663 Traxit
287 3603 319 3662 in
341 3602 513 3681 exemplum
534 3603 673 3683 ferroque
695 3604 801 3664 incidit
824 3609 914 3665 acuto
