2660 4224
256 312 297 374 62
393 308 447 364 Dis
465 306 669 380 Calydonisohe
685 306 769 377 Jagd
804 309 869 363 liet.
881 307 958 373 v111,
974 309 1117 363 tta—430.

258 484 317 543 375
342 483 503 544 Hastarum
525 484 652 545 tremulo
676 484 853 562 quatiebant
875 484 992 563 spicula
1013 492 1107 545 motu.

340 569 472 630 Vulnera
492 570 645 647 fecissent,
668 570 725 629 nisi
747 571 878 647 saetiger
899 571 976 630 inter
998 588 1112 648 opacas

340 654 405 715 Nec
427 654 534 716 iaculis
555 656 629 715 isset
649 674 708 715 nec
731 673 809 733 equo
831 655 902 715 loca
923 656 1027 734 pervia
1048 656 1151 715 silvas.

340 740 533 818 Persequitur
552 739 705 815 Telamon,
728 741 890 818 studioque
911 741 1052 802 incautus
1074 743 1167 802 eundi

340 825 455 886 Pronus
479 826 516 886 ab
541 826 668 887 arborea
691 827 802 886 cecidit
822 827 925 887 radice
946 833 1090 887 retentus.

258 914 317 971 380
339 911 419 971 Dum
439 912 523 972 levat
543 912 625 972 hunc
646 911 763 988 Peleus,
796 912 927 973 celerem
947 912 1085 991 Tegeaea
1111 914 1258 991 sagittam

340 997 474 1076 Inposuit
495 1016 588 1059 nervo
610 999 789 1076 sinuatoque
813 998 928 1077 expulit
950 1017 1034 1058 arcu.

340 1083 417 1143 Fixa
439 1082 496 1144 sub
520 1102 592 1145 aura
614 1084 668 1145 feri
691 1103 840 1144 summum
863 1083 1019 1162 destringit
1039 1084 1181 1144 harundo

342 1167 459 1247 Corpus
481 1175 511 1229 et
534 1171 642 1247 exiguo
664 1169 814 1230 rubefecit
836 1171 980 1247 sanguine
1003 1175 1114 1229 saetas.

340 1253 405 1312 Neo
427 1260 528 1314 tamen
549 1254 602 1314 illa
623 1257 670 1315 sui
692 1273 838 1315 successu
860 1254 968 1315 laetior
988 1255 1077 1330 ictus,

257 1340 317 1397 385
342 1339 439 1412 Quam
460 1339 627 1417 Meleagros
651 1346 724 1400 erat.
768 1340 883 1400 Primus
905 1341 1017 1400 vidisse
1038 1346 1172 1419 putatur,

339 1424 377 1483 Et
398 1426 511 1502 primus
533 1426 624 1485 sociis
645 1427 743 1486 visum
765 1425 933 1486 ostendisse
957 1444 1104 1499 cruorem,

339 1508 388 1570 Et:
414 1510 602 1587 „Meritum“,
628 1512 748 1585 dixisse,
775 1511 873 1585 „feres
894 1512 1013 1571 virtutis
1033 1511 1214 1572 honorem.“

381 1594 536 1656 Erubuere
558 1597 622 1671 viri,
646 1615 740 1674 seque
764 1597 967 1671 exhortantur,
991 1603 1022 1657 et
1044 1598 1162 1657 addunt

341 1679 418 1742 Cum
441 1682 572 1743 clamore
596 1683 718 1757 animos,
741 1683 915 1761 iaciuntque
938 1684 1001 1742 sine
1024 1682 1129 1743 ordine
1151 1683 1218 1744 tela

256 1768 316 1824 390
340 1766 442 1826 Turba
463 1774 554 1828 nocet
575 1769 662 1827 iactis
686 1775 724 1845 et,
750 1787 826 1846 quos
848 1769 930 1846 petit,
954 1768 1079 1846 impedit
1100 1768 1191 1829 ictus.

338 1852 419 1912 Ecce
441 1852 544 1913 furens
567 1860 672 1913 contra
694 1872 750 1913 sua
772 1854 835 1914 fata
857 1853 1023 1930 bipennifer
1044 1852 1152 1913 Arcas:

340 1936 483 2013 „Discite
506 1939 643 1998 femineis
666 1939 738 2016 quid
761 1938 822 1999 tela
843 1939 940 1999 virilia
961 1946 1125 2017 praestent,

340 2021 366 2082 0
388 2023 522 2097 iuvenes,
546 2025 690 2101 operique
712 2042 779 2084 meo
804 2024 993 2100 concedite“,
1017 2024 1101 2084 dixit.

341 2107 430 2185 „Ipsa
452 2109 515 2167 suis
536 2108 609 2168 licet
630 2108 712 2168 hunc
734 2109 861 2169 Latonia
882 2116 1020 2188 protegat
1043 2112 1141 2186 armis,

257 2194 316 2250 395
339 2191 435 2252 Invita
456 2199 557 2253 tamen
579 2194 660 2254 huno
682 2196 809 2272 perimet
830 2213 899 2255 mea
921 2196 1030 2256 dextra
1051 2195 1180 2256 Diana.“

338 2278 424 2337 Talia
445 2278 636 2357 magniloquo
659 2280 792 2339 tumidus
814 2288 1033 2341 memoraverat
1055 2300 1115 2358 ore,

339 2363 569 2444 Ancipitemque
591 2384 683 2426 manu
705 2365 813 2426 tollens
835 2373 964 2444 utraque
986 2368 1116 2426 securim

338 2449 489 2510 institerat
512 2450 620 2529 digitis,
645 2453 757 2529 primos
779 2470 943 2530 suspensus
965 2454 994 2511 in
1018 2459 1108 2512 artus.

340 2534 478 2613 Occupat
501 2536 671 2612 audentem,
697 2556 817 2614 quaque
840 2544 885 2597 est
907 2539 956 2598 via
977 2538 1114 2616 proxima
1136 2537 1208 2614 leto,

255 2622 315 2678 400
340 2619 464 2680 Summa
485 2622 567 2681 ferus
589 2624 723 2699 geminos
745 2623 854 2683 direxit
877 2622 915 2682 ad
937 2624 1059 2701 inguina
1081 2624 1197 2684 dentes.

335 2704 480 2783 ,Concidit
500 2704 651 2782 Ancaeus,
675 2707 900 2785 glomerataque
922 2711 1067 2787 sanguine
1089 2710 1186 2770 multo

339 2789 462 2851 Viscera
483 2790 571 2870 lapsa
592 2792 697 2867 fluunt,
722 2793 955 2872 madefactaque
969 2801 1050 2855 terra
1070 2813 1178 2856 cruore
1195 2804 1251 2856 est.

339 2875 407 2937 Ibat
427 2878 458 2935 in
481 2877 641 2960 adversum
663 2878 763 2956 proles
784 2878 895 2939 Ixionis
916 2880 1042 2957 hostem,

338 2961 496 3038 Pirithous,
520 2962 622 3023 valida
645 2964 782 3041 quatiens
804 2964 956 3025 venabula
979 2966 1094 3026 dextra.

254 3050 315 3106 405
341 3047 396 3107 Cui
418 3049 525 3126 procul
546 3047 690 3128 Aegides:
716 3048 761 3125 „0
785 3070 832 3110 me
855 3050 926 3110 mihi
949 3052 1075 3127 carior“,
1098 3053 1209 3130 inquit,

340 3133 432 3206 „Pars
456 3135 573 3194 animae
597 3135 727 3194 consiste
749 3134 851 3196 maeel
874 3136 947 3195 licet
970 3138 1085 3197 eminus
1107 3155 1176 3198 esse

338 3217 494 3280 Fortibus!
518 3219 642 3281 Ancaeo
664 3222 769 3281 nocuit
790 3222 950 3282 temeraria
971 3223 1096 3282 virtus.“

338 3304 419 3364 Dixit
442 3312 471 3366 et
494 3312 597 3366 aerata
619 3308 705 3366 torsit
727 3323 817 3385 grave
842 3307 968 3384 cuspide
993 3326 1131 3384 cornum,

339 3389 405 3462 Quo
428 3390 506 3451 bene
528 3392 637 3452 librato
659 3393 783 3470 votique
805 3397 928 3469 potente
950 3393 1059 3470 futuro,

255 3478 315 3533 410
339 3475 461 3536 Obstitit
483 3478 626 3538 aesculea
647 3477 807 3537 frondosus
829 3476 867 3536 ab
891 3477 997 3538 arbore
1019 3498 1130 3539 ramus.

337 3561 417 3621 Misit
439 3568 469 3622 et
490 3561 657 3623 Aesonides
678 3562 822 3637 iaculum,
847 3563 927 3639 quod
951 3582 1041 3624 casus
1064 3565 1102 3625 ab
1125 3565 1179 3627 illo

337 3646 433 3707 Vertit
454 3648 484 3705 in
506 3649 634 3708 inmeriti
655 3647 751 3708 fatum
772 3647 916 3726 latrantis,
942 3656 973 3710 et
993 3651 1070 3710 inter
