2660 4224
404 285 558 342 Phaethon.
594 285 832 351 MecII,1-328.

203 463 319 542 Aspicit
342 478 514 538 accensum,
537 480 595 523 nec
618 468 718 522 tantos
740 463 870 522 sustinet
893 467 1002 537 aestus,

205 550 428 626 Ferventesque
451 566 550 622 auras,
573 548 657 609 velut
680 567 696 608 e
718 549 841 608 fornace
863 546 1021 625 profunda,

117 639 183 695 230
205 634 264 696 Ore
287 634 378 694 trahit
401 652 567 712 currusque
589 652 660 694 suos
684 633 869 694 candescere
892 634 992 692 sentit.

204 720 241 780 Et
263 739 362 798 neque
384 720 444 779 iam
467 721 585 780 cineres
607 721 830 797 eiectatamque
851 718 985 778 favillam

205 806 296 866 Ferre
317 811 426 883 potest,
452 804 612 882 calidoque
634 805 795 866 involvitur
816 804 950 882 undique
973 805 1069 880 fumo;

206 892 333 969 Quoque
357 897 415 964 eat,
440 897 493 949 aut
514 890 566 951 ubi
589 892 635 966 sit,
659 893 748 968 picea
771 890 899 967 caligine
921 895 1022 950 tectus

206 978 311 1038 Nescit
334 983 364 1037 et
386 976 508 1036 arbitrio
531 974 695 1036 volnerum
711 982 849 1054 raptatur
871 993 1025 1052 equorum.

119 1066 182 1123 235
206 1061 358 1142 Sanguine
381 1067 454 1121 tunc
478 1060 606 1122 credunt
627 1062 658 1120 in
681 1079 809 1139 corpora
830 1078 947 1120 summa
968 1067 1078 1121 vocato

203 1149 386 1226 Aethiopum
407 1146 536 1226 populos
557 1148 675 1225 nigrum
696 1147 825 1207 traxisse
848 1146 989 1206 colorem.

204 1233 280 1295 Tum
301 1235 384 1293 facta
407 1239 453 1293 est
474 1231 577 1311 Libye,
601 1234 694 1311 raptis
716 1232 870 1292 umoribus
893 1239 988 1307 aestu,

203 1318 306 1380 Arida.
350 1319 426 1379 Tum
448 1318 604 1397 Nymphae
626 1320 724 1397 passis
745 1319 904 1396 fontesque
926 1317 1074 1395 lacusque

203 1404 360 1465 Deflevere
384 1405 491 1479 comis;
516 1405 634 1482 quaerit
654 1404 780 1464 Boeotia
801 1404 921 1476 Dircen,

119 1496 180 1551 240
204 1490 299 1568 Argos
321 1490 516 1569 Amymonen,
539 1489 657 1568 Ephyre
680 1490 836 1550 Pirenidas
857 1489 966 1549 undas.

205 1576 272 1636 Nec
295 1578 401 1636 sortita
422 1575 492 1635 loco
515 1576 663 1635 distantes
686 1574 811 1634 flumina
832 1576 914 1651 ripas

204 1661 285 1720 Tuta
306 1667 444 1720 manent:
467 1660 575 1719 mediis
596 1659 707 1718 Tanais
729 1659 855 1718 fumavit
876 1659 907 1716 in
928 1657 1027 1732 undis,

206 1745 385 1820 Peneosque
409 1761 512 1818 senex,
535 1743 820 1821 Teuthranteusque
844 1741 964 1818 Caicus,

208 1828 246 1888 Et
268 1828 351 1888 celer
370 1828 505 1887 Ismenos
528 1846 598 1887 cum
619 1828 770 1907 Phegiaco
792 1828 983 1908 Erymantho,

122 1918 184 1974 245
207 1913 400 1991 Arsurusque
422 1915 531 1973 iterum
551 1913 699 1990 Xanthus,
722 1915 880 1993 flavusque
903 1914 1076 1994 Lycormas,

208 1999 326 2077 Quique
348 2001 515 2060 recurvatis
537 1999 614 2060 ludit
635 2000 815 2061 Maeandros
837 2002 867 2060 in
889 2001 986 2076 undis,

205 2085 443 2165 Mygdoniusque
465 2084 559 2146 Melas
582 2093 613 2146 et
635 2085 799 2146 Taenarius
821 2086 960 2148 Eurotas.
1035 2084 1038 2095 ⁴

204 2169 285 2231 Arsit
309 2178 338 2231 et
359 2170 528 2249 Euphrates
550 2171 744 2250 Babylonius,
769 2174 841 2232 arsit
863 2171 1002 2248 Orontes,

204 2257 456 2334 Thermodonque
480 2259 557 2317 citus
578 2257 758 2336 Gangesque
779 2265 809 2317 et
830 2257 935 2317 Phasis
957 2265 988 2318 et
1006 2258 1115 2317 Hister.

120 2346 182 2403 250
205 2341 333 2403 Aestuat
354 2340 499 2420 Alpheus,
523 2344 606 2420 ripae
629 2341 835 2420 Spercheides
858 2343 973 2418 ardent,

206 2428 356 2505 Quodque
372 2446 428 2486 suo
442 2427 545 2504 Tagus
561 2446 648 2487 amne
664 2429 755 2501 vehit,
771 2427 838 2487 fluit
854 2427 980 2504 ignibus,
1000 2447 1114 2502 aurum,

205 2513 252 2587 Et,
276 2530 355 2590 quae
377 2512 531 2572 Maeonias
555 2512 746 2572 celebrarant
768 2513 900 2572 carmine
922 2515 1011 2591 ripas,

206 2599 383 2658 Flumineae
405 2597 555 2672 volucres,
579 2597 679 2658 medio
703 2598 825 2658 caluere
849 2597 984 2677 Caystro.

205 2684 292 2744 Nilus
314 2685 345 2743 in
367 2689 536 2743 extremum
559 2683 633 2760 fugit
654 2686 831 2762 perterritus
854 2685 959 2745 orbem

120 2774 181 2829 255
205 2769 409 2847 Occuluitque
432 2776 532 2847 caput,
558 2769 640 2846 quod
664 2770 765 2830 adhuc
787 2770 874 2844 latet;
900 2773 978 2832 ostia
1000 2777 1115 2850 septem

204 2855 420 2916 Pulverulenta
440 2860 561 2931 vacant,
587 2860 704 2933 septem
726 2858 790 2916 sine
812 2857 934 2917 flumine
957 2856 1062 2916 valles.

205 2942 279 3001 Fors
295 2941 403 3001 eadem
417 2940 565 3016 Ismarios,
589 2940 723 3001 Hebrum
743 2960 813 3002 cum
828 2941 995 3020 Strymone,
1020 2943 1117 3001 siccat

194 3026 429 3104 >Hesperiosque
446 3044 558 3101 amnes,
575 3024 714 3087 Rhenum
724 3026 967 3104 Rhodanumque
982 3025 1116 3086 Padum-

207 3110 324 3189 Cuique
340 3112 395 3171 fuit
409 3130 510 3171 rernm
524 3113 672 3189 promissa
686 3113 831 3189 potentia,
847 3110 987 3189 Thybrin.
1033 3106 1113 3190 [qua

122 3201 183 3257 260
206 3196 319 3257 Dissilit
341 3214 429 3256 omne
451 3196 557 3274 solum,
582 3204 781 3276 penetratque
803 3199 834 3256 in
855 3196 982 3256 Tartara
1003 3197 1084 3256 rimis

206 3282 321 3342 Lumen
344 3289 374 3343 et
396 3282 545 3342 infernum
566 3288 659 3341 terret
681 3301 751 3343 cum
775 3283 902 3359 coniuge
925 3300 1036 3358 regem.

205 3367 243 3427 Et
258 3386 339 3427 mare
356 3369 549 3442 contrahitur,
573 3369 736 3445 siccaeque
758 3375 804 3428 est
825 3385 951 3445 campus
973 3368 1113 3444 harenae,

208 3452 297 3524 Quod
313 3454 402 3512 modo
417 3459 528 3531 pontus
546 3459 625 3528 erat;
650 3471 787 3531 quosque
811 3451 904 3512 altum
921 3459 1039 3513 texerat
1062 3471 1115 3512 ae-

206 3536 346 3597 Existnnt
360 3545 478 3600 montes
494 3545 524 3599 et
539 3557 660 3616 sparsas
677 3537 827 3617 Cycladas
843 3545 961 3616 augent.
1018 3535 1112 3619 [quon

124 3626 184 3697 265
208 3622 270 3683 lma
291 3629 399 3701 petunt
419 3625 528 3702 pisces,
551 3643 611 3684 nec
633 3642 666 3683 se
689 3642 780 3701 super
803 3641 935 3700 aequora
959 3626 1043 3684 curvi
