2660 4224
262 256 303 317 92
509 251 693 321 Pythagoras.
729 252 796 305 Met.
810 249 872 313 XV,
886 251 1013 302 ott-tos.

348 428 386 488 [tt
408 445 509 486 rerum
531 445 641 486 causas
664 431 695 486 et
716 426 789 501 quid
810 431 929 498 natura,
953 423 1102 484 docebat:

348 513 427 584 Quid
448 511 540 586 Deus,
564 513 645 571 unde
667 513 761 584 nives,
786 529 865 589 quae
887 510 1019 569 fulminis
1042 515 1126 569 esset
1148 510 1243 586 origo,
1309 492 1310 529 ¹

286 601 325 656 70
347 597 480 675 Iuppiter
503 616 541 656 an
563 598 644 656 venti
668 596 807 656 discussa
826 597 909 655 nube
932 600 1086 668 tonarent3

349 683 428 755 Quid
450 688 590 760 quateret
611 690 718 757 terras,
742 700 803 759 qua
825 682 925 741 sidera
946 681 1013 757 lege
1034 686 1183 755 mearent,

347 769 385 828 Et
407 770 621 845 quodcumque
643 768 727 828 latet.
765 768 941 845 Primusque
965 765 1107 825 animalia
1129 766 1244 824 mensis
1309 788 1310 853 q

348 853 453 930 Arguit
474 855 590 932 inponi;
614 855 728 931 primus
751 872 872 931 quoque
894 852 1006 912 talibus
1029 870 1091 925 ora,

347 939 446 999 Docta
468 940 599 1018 quidem,
624 939 721 1014 solvit,
746 939 883 999 sednon
907 944 937 997 et
960 936 1077 996 credita
1098 936 1217 996 verbis:

509 1142 532 1191 1.
558 1139 652 1195 Uber
671 1140 734 1194 das
752 1136 1016 1194 Fleischessen.

688 1243 719 1290 (v.
734 1238 842 1291 75-129.)

287 1367 324 1422 75
392 1342 546 1437 „Parcite
570 1362 722 1438 mortales,
748 1363 877 1443 dapibus
899 1370 1047 1423 temerare
1070 1362 1211 1421 nefandis

351 1446 501 1526 Corpora}
526 1446 602 1507 Sunt
624 1449 737 1525 fruges,
760 1455 830 1508 sunt
853 1449 1038 1509 deducentia
1059 1466 1161 1508 ramos

351 1533 488 1594 Pondere
511 1552 600 1611 poma
623 1553 687 1607 suo,
711 1535 907 1612 tumidaeque
929 1535 960 1593 in
981 1533 1092 1592 vitibus
1116 1551 1208 1607 nvae3

350 1618 427 1679 Sunt
447 1619 561 1679 herbae
584 1619 701 1693 dulces,
725 1626 795 1680 sunt
818 1639 896 1697 quae
918 1621 1078 1679 mitescere
1101 1617 1226 1678 flamma
1309 1660 1310 1679 i

349 1704 518 1782 Mollirique
542 1711 672 1781 queant3
695 1723 754 1765 nec
776 1705 862 1765 vobis
884 1705 1003 1764 lacteus
1025 1722 1113 1763 umor

287 1791 326 1848 80
349 1789 487 1867 Eripitur,
511 1808 570 1849 nec
592 1790 684 1850 mella
705 1792 799 1869 thymi
821 1791 990 1850 redolentia
1011 1789 1095 1849 flore.

349 1875 479 1951 Prodiga
500 1875 619 1934 divitias
643 1875 844 1953 alimentaque
867 1877 950 1935 mitia
971 1875 1062 1935 tellus

350 1959 498 2037 Suggerit,
516 1966 607 2037 atque
620 1961 726 2038 epulas
741 1964 805 2021 sine
822 1963 918 2021 caede
931 1966 960 2020 et
971 1959 1117 2037 sanguine
1129 1959 1261 2038 praebet
1309 1964 1310 2031 l

242 2105 261 2116 ,
352 2044 449 2104 Came
471 2045 554 2104 ferae
577 2046 686 2105 sedant
707 2048 826 2121 ieiunia,
851 2065 909 2106 nec
932 2052 1033 2106 tamen
1055 2063 1176 2104 omnes:
1309 2042 1310 2053 ¹

351 2131 468 2208 Quippe
485 2148 582 2207 equus
598 2137 628 2190 et
643 2133 779 2209 pecudes
796 2138 991 2209 armentaque
1008 2133 1141 2207 gramine
1153 2132 1262 2190 vivunt.
1309 2124 1310 2173 3

281 2216 325 2274 ‚85
350 2215 397 2290 At,
422 2216 532 2292 quibus
553 2218 706 2294 ingenium
729 2223 775 2276 est
796 2219 1078 2293 inmansuetumque
1097 2216 1262 2294 ferumque,

349 2302 570 2379 Armeniaeque
592 2303 684 2379 tigres
705 2303 905 2381 iracundique
928 2304 1042 2374 leones,

351 2385 488 2465 Cumque
511 2387 590 2465 lupis
612 2389 683 2463 ursi,
708 2387 837 2466 dapibus
861 2407 930 2448 curn
952 2387 1098 2464 sanguine
1122 2387 1261 2464 gaudent.

349 2473 416 2533 Heu
439 2479 585 2549 quantum
607 2474 709 2533 scelus
732 2480 787 2548 est,
810 2475 840 2532 in
863 2475 982 2533 viscera
1002 2473 1122 2532 viscera
1146 2474 1244 2547 condi,

351 2555 564 2634 Congestoque
588 2559 710 2618 avidum
731 2560 930 2636 pinguescere
954 2576 1080 2636 corpore
1104 2576 1225 2637 corpus,

288 2645 326 2700 90
349 2641 541 2719 Alteriusque
565 2644 750 2703 animantem
769 2645 929 2703 animantis
950 2645 1051 2703 vivere
1074 2642 1154 2702 letol

350 2725 474 2787 Scilicet
496 2728 526 2786 in
549 2729 640 2787 tantis
662 2729 779 2807 opibus,
804 2749 880 2808 quas
902 2731 1015 2806 optima
1037 2736 1168 2788 matrum

349 2813 442 2872 Terra
463 2814 550 2890 parit,
573 2812 615 2871 nil
637 2821 667 2873 te
690 2814 747 2874 nisi
768 2816 864 2875 tristia
885 2814 1029 2874 mandere
1051 2832 1145 2873 saevo

349 2897 482 2958 Vulnere
505 2898 595 2957 dente
617 2900 701 2959 iuvat
722 2901 857 2977 ritusque
880 2900 991 2960 referre
1014 2898 1199 2977 Cyclopum3
1309 2948 1310 2959 2

349 2983 424 3059 Nec,
447 2984 504 3043 nisi
525 2984 694 3061 perdideris
717 2985 815 3060 alium,
840 2985 964 3063 placare
986 2985 1105 3044 voracis

288 3070 326 3126 95
349 3069 387 3128 Et
408 3070 487 3129 male
509 3071 618 3129 morati
639 3071 752 3148 poteris
773 3072 885 3130 ieiunia
906 3069 1038 3130 ventris‘l

350 3153 389 3215 At
410 3160 498 3214 vetus
521 3154 573 3213 illa
596 3161 688 3231 aetas,
715 3156 764 3215 cui
786 3156 914 3216 fecimus
938 3156 1072 3229 ,‚aurea“
1094 3172 1215 3231 nomen,

350 3239 476 3299 Fetibus
500 3239 634 3300 arboreis
656 3248 695 3316 et,
720 3261 796 3319 quas
818 3242 928 3301 humus
950 3242 1072 3314 educat,
1095 3240 1201 3300 herbis

350 3325 518 3385 Fortunata
540 3325 604 3399 fuit,
628 3345 686 3385 nec
708 3326 815 3404 polluit
838 3345 892 3387 ora
915 3345 1031 3386 cruore.

350 3410 435 3470 Tunc
458 3417 489 3470 et
512 3428 582 3470 aves
604 3418 688 3472 tutae
710 3429 832 3471 movere
854 3430 909 3489 per
931 3417 1003 3472 adra
1023 3429 1150 3490 pennas,

272 3494 388 3555 tth'Et
409 3496 497 3574 lepus
518 3497 679 3574 inpavidus
701 3498 808 3556 mediis
831 3499 942 3557 erravit
962 3498 993 3556 in
1014 3496 1126 3571 herbis,

351 3580 416 3640 Neo
439 3600 495 3640 sua
518 3582 681 3641 credulitas
703 3583 819 3658 piscem
841 3582 1041 3660 suspenderat
1062 3582 1168 3651 hamo;
