2660 4228
487 302 651 360 Sentennen.
1007 308 1064 369 141

199 479 265 539 Nec
287 480 361 540 satie
382 479 496 540 utilitas
520 486 565 541 est
587 496 657 539 mea
677 484 751 538 nota
771 478 851 538 mihi.

158 563 258 626 Crede
280 565 366 624 mibi:
391 566 517 626 miseros
538 565 700 644 prudentia
721 565 818 643 prima
838 562 989 640 relinquit,

198 648 236 710 Et
257 668 365 711 sensus
388 669 458 711 cum
480 670 513 711 re
536 650 754 728 consiliumque
776 650 863 726 fugit.

155 734 233 814 ipsc,
256 754 373 814 precor,
397 754 537 814 quaeras,
562 755 622 815 qua
644 737 701 796 sim
722 736 776 795 tibi
797 740 884 812 parte
906 732 1066 808 iurandus,

87 827 131 881 50
201 821 328 899 Quoque
351 822 431 881 viam
452 822 548 882 seciae
571 822 610 882 ad
632 839 701 882 mea
722 827 795 882 vota
816 820 905 880 vado.

212 1197 252 1307 i.
289 1195 496 1308 tentanti
520 1219 593 1307 aus
618 1193 735 1306 briis
759 1192 930 1305 werten.

98 1370 156 1421 (Ans
170 1370 214 1411 den
228 1369 428 1420 uutgenornmenen
441 1370 540 1412 Stiieken
553 1370 634 1421 mogon
647 1368 684 1409 die
697 1367 820 1410 Sentenecn
833 1366 871 1409 bei
884 1365 924 1405 der
936 1365 1034 1405 uenturo

435 1433 580 1472 entnommcn
592 1429 701 1478 werden.)

417 1641 448 1695 1.
482 1639 724 1695 HEXAMETER.

157 1746 297 1825 Adiuvat
318 1766 348 1822 in
370 1764 451 1823 bello
473 1770 603 1841 pacatae
625 1781 727 1823 ramus
749 1762 856 1823 olivae.

157 1848 281 1909 Artibus
302 1849 439 1925 ingenuis
461 1849 600 1926 quaesita
623 1854 668 1908 est
690 1848 785 1925 gloria
806 1847 915 1909 multis.

159 1933 316 2011 Aspiciunt
338 1933 434 1994 oculis
459 1933 561 2011 superi
586 1934 724 1994 mortalia
745 1935 839 1994 iustis.

157 2018 321 2095 Augurium
343 2021 419 2079 ratio
443 2026 489 2079 est
512 2025 541 2079 et
564 2020 740 2080 coniectura
761 2019 861 2080 futuri.

116 2107 133 2161 5
158 2102 298 2164 Carmina
319 2123 475 2165 secessum
496 2104 656 2165 scribentis
679 2112 710 2165 et
731 2106 794 2165 otia
815 2110 974 2181 quaerunt.

158 2188 296 2250 Carmine
318 2191 352 2250 fit
373 2192 464 2251 vivax
485 2192 580 2250 virtus
602 2208 772 2268 expersque
794 2190 935 2266 sepulcri.

158 2273 241 2334 Cede
264 2277 451 2353 repugnanti,
477 2274 616 2334 cedendo
638 2276 735 2335 victor
758 2274 864 2333 abibis.

158 2358 289 2419 Conscia
310 2378 395 2420 mens
417 2361 493 2419 recti
514 2360 613 2419 famae
635 2359 797 2418 mendacia
818 2357 904 2417 ridet.

158 2443 235 2503 Cum
256 2444 364 2504 feriant
385 2463 487 2519 unum,
510 2462 570 2503 non
592 2461 686 2503 unum
707 2442 834 2502 fulmina
853 2448 975 2502 terrent.

95 2534 134 2589 10
156 2529 285 2589 Difficile
309 2537 362 2605 est,
386 2529 496 2604 fateor3
520 2528 575 2589 sed
597 2528 694 2589 tendit
715 2529 746 2588 in
768 2528 866 2588 ardua
886 2528 989 2587 virtue.

156 2615 294 2692 Diligitur
314 2633 403 2675 nemo
424 2615 481 2675 nisi
505 2616 554 2674 cui
575 2614 695 2674 fortuna
717 2613 853 2673 secunda
875 2618 930 2673 est.

156 2699 233 2778 Ergo
249 2701 358 2761 eratin
372 2700 451 2774 fatie,
473 2694 650 2779 [Scythiam]
673 2718 794 2777 quoque
809 2700 915 2774 visere,
938 2699 1062 2761 nostris!

156 2784 209 2845 Est
231 2786 354 2864 aliquid,
377 2785 469 2846 fatale
491 2784 604 2845 maium
626 2804 681 2863 per
700 2784 796 2846 verba
817 2785 928 2845 levare.

157 2869 210 2930 Est
233 2871 356 2949 aliquid,
379 2872 483 2950 patriis
504 2872 637 2931 vicinum
658 2871 769 2930 finibus
791 2888 867 2930 esse.

94 2959 134 3014 15
158 2955 258 3016 Firma
271 2956 374 3017 valent
395 2975 450 3035 per
470 2975 504 3017 se
525 2956 703 3033 nullumque
720 2955 888 3015 Machaona
903 2962 1062 3032 quaerunt.

158 3039 275 3101 Gaudia
296 3043 475 3120 principium
496 3043 590 3101 nostri
611 3047 681 3101 eunt
702 3060 795 3119 saepe
819 3040 939 3101 doloris.

158 3125 277 3187 Grande
299 3145 376 3187 voco
398 3127 537 3186 meritum
558 3132 693 3187 maestae
715 3125 831 3186 solacia
852 3127 969 3187 mentis.

158 3211 241 3271 Haec
264 3230 394 3290 quoque,
418 3207 531 3291 [Naso],
554 3211 647 3287 feres,
674 3213 783 3272 etenim
804 3213 908 3291 peiora
929 3212 1034 3272 tulisti.

158 3296 234 3372 Heu,
257 3315 348 3374 quam
370 3297 493 3357 difficile
516 3303 570 3371 est,
594 3298 707 3356 crimen
728 3316 788 3357 non
810 3298 938 3375 prodere
960 3297 1061 3359 vultui

92 3385 135 3442 20
157 3382 226 3461 Ipsa
248 3389 368 3442 movent
391 3384 505 3443 animos
532 3401 711 3460 superorum
732 3384 855 3443 numina
876 3389 1003 3442 nostros.

157 3467 252 3528 Laeta
273 3466 335 3527 iere
356 3467 455 3529 iaetus
478 3468 589 3542 cecini;
614 3486 690 3527 cano
713 3470 810 3529 tristia
831 3469 931 3527 tristis.

158 3553 252 3613 Multa
273 3559 356 3613 metu
377 3572 502 3631 poenae,
524 3571 624 3631 poena
645 3555 696 3630 qui
717 3571 826 3631 pauca,
851 3560 981 3613 coercet.

158 3627 286 3698 Nitimur
306 3639 336 3698 in
358 3640 484 3699 vetitum
505 3658 624 3717 semper
646 3640 844 3716 cupimusque
866 3644 986 3715 negata.
