2660 4224
292 267 425 338 Orpheus.
461 268 526 326 1101.
539 268 575 334 Χ,
590 270 709 322 86-144
721 285 748 324 u.
760 269 811 335 XI,
827 271 917 323 1-84.
1058 275 1096 334 71

153 439 210 494 Dt'e
228 440 368 493 tranando
380 442 513 505 Ararene,
533 440 578 493 dee
590 442 722 494 Herculea
734 441 848 502 Matre,
868 440 968 492 eradblt
985 438 1032 492 der
1044 440 1101 492 Iole

98 536 153 571 oon
175 517 222 570 ἄεν
249 517 351 571 Geburt
374 518 417 571 ἄεε
441 519 572 571 Heraclea
593 517 650 570 aad
671 516 749 570 dobee'
773 516 815 570 die
840 516 1032 585 Verwandlurrp
1055 516 1102 568 ἄεν
1166 528 1168 533 ·

99 593 236 650 Dimoto
258 593 440 648 Golantlie
457 594 486 647 in
503 593 546 647 ein
570 594 672 658 Wiesel‚
700 595 759 648 Iole
776 594 881 665 darauf
894 593 937 646 die
961 592 1101 647 Verecund-

99 674 166 742 1009
183 671 255 725 ihrer
273 672 417 725 Schweater
433 672 572 741 Dryope
594 670 623 724 s'o
644 670 719 724 ον’νιενε
737 671 909 735 Lotoeboum,
934 687 1026 723 ωονανι
1047 668 1102 721 siclt

99 750 176 802 daun
193 747 387 819 epieodenarts'q
404 747 456 808 (oa
473 765 532 800 aum
550 748 655 801 Sallues
677 749 721 801 des
740 757 763 803 9.
784 748 900 808 Berua)
923 747 989 799 00011
1006 746 1102 798 andere

106 825 335 896 Verwandlunpen
353 824 537 890 anselliessere,
565 842 616 877 oon
640 825 723 878 denen
746 825 793 878 der
810 824 923 878 Dichter
946 828 1039 883 (etwas
1060 841 1102 893 pe-

99 910 238 973 awuopeo)
256 902 299 956 bei
319 901 486 972 Geleqenlreif
503 901 575 955 einer
594 902 780 971 Vermettanp,
799 901 849 953 mit
866 902 924 953 dem
934 898 1041 970 Bepr‘nn
1059 899 1103 951 dee

100 980 239 1034 achaten
255 980 388 1034 Baetes
405 982 461 1050 aas
475 980 524 1031 den
548 978 713 1033 thraeieclren
739 979 842 1047 Satrapes·
863 977 1010 1046 Orpbeus
1027 976 1102 1028 ilber-

99 1058 169 1128 pelet,
195 1057 241 1110 der
257 1056 327 1111 aeine
344 1056 494 1127 pestorbene
517 1055 659 1108 (10111010
677 1056 723 1108 ἄεν
746 1055 891 1108 Ueterwelt
908 1053 1099 1116 εννᾶοᾶενᾶἄᾶ,

99 1135 165 1188 aber
182 1134 265 1187 durelr
281 1133 424 1202 anaeitipes
448 1131 601 1185 Umblieken
617 1134 673 1201 auf
687 1132 744 1184 dem
762 1132 911 1200 Retekwepe
932 1129 1029 1183 wieder
1045 1146 1102 1182 oer-

100 1211 172 1266 11011.
212 1211 255 1264 Er
273 1210 340 1263 aielrt
356 1209 412 1262 eielt
430 1208 459 1262 in
476 1207 518 1261 die
542 1209 650 1263 Wdlder
668 1208 766 1261 surdelt
788 1208 845 1261 und
864 1207 935 1277 einpf
952 1207 989 1259 im
1005 1204 1102 1265 Kreise

99 1288 149 1341 ἄεν
173 1287 367 1340 ruborebeadeo
385 1288 489 1340 Bttume
511 1284 568 1337 and
588 1284 673 1349 Tiere,
695 1283 745 1337 wie
763 1302 789 1338 es
807 1283 844 1337 r‘m
853 1284 1001 1354 folqeoden
1019 1283 1102 1337 cruce

98 1365 187 1418 νεᾶῙιεν
202 1362 357 1434 perebildert
374 1363 450 1417 wird.

484 1530 532 1600 le.
562 1532 720 1619 Orpheus.

388 1644 411 1697 1.
434 1643 589 1711 Orpheus
607 1644 660 1697 als
678 1643 815 1710 Singae.

490 1728 551 1777 (le.
565 1728 594 1774 X,
606 1724 715 1777 es-ttt.)

245 1794 300 1844 (Der
313 1794 507 1846 zusammenhang
520 1794 595 1835 istim
608 1794 811 1843 Vorhergebenden
825 1795 967 1845 ageraton.)

128 1894 168 1951 86
235 1869 329 1952 (101110
352 1898 423 1967 erat,
448 1891 617 1970 collemque
640 1912 731 1971 super
751 1893 925 1972 planissima
948 1897 1046 1972 campi

190 1975 276 2053 Area,
302 1994 392 2055 quam
414 1977 539 2038 viridem
560 1978 713 2039 faciebant
735 1980 874 2058 graminis
896 1979 1018 2040 herbae.

190 2061 301 2123 Umbra
322 2062 391 2123 loco
414 2063 528 2124 deerat.
573 2064 641 2136 Qua
662 2072 824 2144 postquam
846 2072 931 2142 parte
953 2066 1066 2125 resedit

188 2147 240 2208 Dis
263 2149 380 2226 genitus
402 2156 487 2210 vates
510 2156 541 2209 et
562 2150 614 2210 iila
636 2152 774 2211 sonantia
796 2152 898 2225 movit,

126 2236 165 2293 90
189 2232 301 2294 Umbra
322 2234 391 2294 loeo
414 2236 504 2294 venit.
549 2234 616 2296 Non
641 2234 772 2295 Chaonis
796 2236 892 2295 abfuit
915 2234 1011 2310 arbor,

186 2319 254 2379 Non
274 2338 382 2379 nemus
401 2319 569 2395 Heliadum,
592 2339 654 2379 non
676 2319 833 2379 frondibus
856 2318 997 2378 aesculus
1020 2318 1096 2395 altis,

186 2403 252 2464 Nec
274 2404 355 2465 tiliae
377 2404 492 2479 molles,
516 2423 574 2464 nec
596 2405 683 2481 fagus
706 2411 736 2463 et
757 2404 871 2464 innuba
891 2402 1004 2477 laurus,

186 2489 252 2548 Nec
275 2488 369 2568 coryli
389 2488 510 2565 fragiles
534 2495 564 2548 et
585 2490 719 2548 fraxinus
741 2488 824 2547 utilis
844 2489 949 2561 hastis,

187 2574 361 2651 Enodisque
385 2573 467 2633 abies
492 2580 677 2651 curvataque
700 2573 860 2652 glandibus
885 2572 946 2633 ilex

124 2663 163 2719 95
186 2659 224 2720 Et
244 2659 386 2739 platanus
408 2657 532 2737 genialis
556 2677 687 2737 acerque
711 2658 863 2720 coloribus
885 2661 971 2737 inpar

186 2744 424 2822 Amnieolacqne
447 2745 535 2805 simul
557 2745 666 2806 salices
689 2752 719 2805 et
742 2746 884 2824 aquatica
906 2745 993 2820 lotos,

187 2830 396 2908 Perpetuoque
418 2831 517 2891 vncos
539 2831 639 2891 buxus
662 2838 829 2908 tenuesque
851 2833 983 2910 myricae

185 2915 223 2975 Et
245 2915 360 2976 bicolor
381 2922 496 2995 myrtus
519 2922 549 2976 et
570 2916 656 2977 bacis
679 2917 803 2977 caerula
824 2918 914 2977 tinus.

185 3000 247 3060 Vos
268 3020 390 3079 quoque
412 3000 579 3079 flexipedes
600 3002 742 3076 hederae,
766 3003 890 3061 venistis
913 3007 943 3061 et
965 3020 1026 3063 una

105 3088 163 3145 100
187 3085 367 3164 Pampineac
389 3087 466 3147 vites
489 3094 519 3147 et
541 3088 669 3147 amictae
691 3087 805 3147 vitibus
825 3086 898 3146 ulmi

187 3171 320 3250 Ornique
343 3179 375 3232 et
395 3173 502 3251 piceae
524 3189 675 3249 pomoque
698 3177 824 3231 onerata
845 3171 965 3230 rubenti

185 3255 320 3317 Arbutus
342 3264 374 3317 et
395 3258 505 3331 lentae,
528 3257 650 3316 victoris
672 3257 815 3332 praemia,
839 3255 966 3334 palmae,

185 3340 223 3401 Et
244 3343 403 3403 succincta
426 3360 528 3403 comas
550 3340 726 3418 hirsutaque
749 3341 862 3400 vertice
885 3343 980 3419 pinus,

187 3424 279 3487 Grata
301 3427 391 3487 deum
413 3427 517 3487 Matri:
542 3425 691 3503 siquidem
715 3423 876 3502 Cybeleius
898 3425 975 3485 Attis

104 3514 162 3571 105
184 3510 276 3571 Exuit
297 3511 357 3571 hac
378 3513 528 3573 hominem
550 3518 718 3588 truncoque
741 3510 874 3571 induruit
895 3510 956 3570 illo.

229 3595 332 3657 Adfuit
353 3596 425 3656 huic
447 3598 554 3658 turbae
577 3604 674 3658 metas
695 3597 811 3656 imitata
835 3615 1005 3675 cupressus,
