2660 4224
367 245 464 300 Midas·
500 244 563 299 Met
576 244 625 310 xl,
640 246 767 300 85-193.
1021 249 1059 309 77

154 420 292 498 Effugere
315 427 399 499 optat
421 440 504 499 opes,
527 427 565 496 et,
591 440 669 498 quae
691 420 781 480 modo
803 428 936 496 voverat,
961 420 1032 480 odit.

155 505 252 584 Copia
272 506 356 566 nulla
377 506 488 566 samem
509 506 640 580 relevat;
664 507 728 565 sitis
751 506 835 567 arida
857 512 960 583 guttur

73 595 130 651 130
154 590 227 667 Urit,
252 597 282 651 et
302 593 399 651 inviso
421 592 544 651 meritus
566 598 723 668 torquetur
746 592 783 651 ab
808 610 890 651 auro.

154 676 201 736 Ad
225 676 404 754 caelumque
426 695 532 738 manus
548 683 579 736 et
593 676 752 754 splendida
771 677 916 737 bracchia
937 676 1059 736 tollens:

157 762 223 836 „Da
244 765 372 837 veniam,
394 761 514 822 Lenaee
536 760 635 840 paterl
659 763 883 840 peccavimus“,
906 763 1010 838 inquit,

156 846 239 921 „Sed
260 849 412 922 miserere,
435 866 550 925 precor,
575 849 774 925 speciosoque
798 848 879 925 eripe
902 846 1041 907 damno.“

154 933 226 993 Mite
248 933 339 993 denm
359 952 479 1004 numen,
502 932 642 993 Bacchus
664 951 811 1010 peccasse
833 933 978 991 fatentem

72 1020 133 1079 135
156 1018 305 1095 Restituit,
330 1020 463 1096 factique
485 1019 546 1078 fide
570 1018 642 1078 data
663 1037 789 1078 munera
810 1016 907 1077 solvit.

157 1104 261 1178 „Neve
283 1105 362 1165 male
386 1110 488 1182 optato
511 1123 635 1164 maneas
658 1102 843 1163 circumlitus
867 1121 948 1181 auro,

155 1189 268 1266 Vade“,
294 1192 344 1264 ait,
367 1192 428 1263 „ad
450 1192 565 1267 magnis
587 1190 719 1248 vicinum
741 1188 887 1248 Sardibus
910 1206 1036 1261 amnem,

154 1274 273 1352 Perque
294 1276 398 1353 iugum
420 1278 529 1335 montis
551 1275 724 1335 labentibus
745 1274 852 1334 obvius
873 1274 963 1333 undis

157 1359 255 1439 Carpe
277 1363 364 1436 viam,
389 1362 487 1421 donee
508 1362 613 1422 venias
635 1361 674 1420 ad
696 1360 826 1420 fluminis
848 1366 941 1419 ortus.

72 1448 132 1504 140
157 1444 392 1524 Spumigeroque
414 1454 500 1506 tuum
521 1446 604 1521 fonti,
629 1465 691 1523 qua
712 1446 857 1523 plurimus
880 1446 949 1519 exit,

156 1530 260 1591 Suhde
283 1539 383 1608 caput,
408 1550 578 1608 corpusque
598 1531 694 1604 simul,
718 1531 807 1589 simul
829 1530 897 1589 elue
919 1529 1062 1589 crimen.“

156 1616 224 1676 Rex
245 1617 345 1676 iussae
367 1617 506 1675 succedit
528 1634 635 1692 aquae.
679 1614 730 1674 Vis
753 1633 846 1674 aurea
868 1615 955 1673 tinxit

157 1701 294 1774 Flumen,
319 1706 349 1758 et
370 1701 502 1759 humano
525 1698 564 1758 de
587 1717 712 1775 corpore
735 1701 826 1759 cessit
847 1701 877 1758 in
901 1717 1025 1759 amnem.

158 1785 247 1843 Nune
269 1802 390 1861 quoque
411 1786 472 1843 iam
493 1786 603 1844 veteris
624 1791 768 1862 percepto
790 1785 902 1844 semine
924 1803 1019 1844 venae

74 1872 136 1927 145
159 1867 241 1929 Arva
261 1870 357 1946 rigent
380 1888 453 1930 auro
475 1870 603 1930 madidis
624 1869 768 1947 pallentia
789 1869 913 1948 glaebis.

291 2077 315 2129 t.
338 2075 450 2133 Midas
467 2078 530 2133 mit
548 2079 612 2132 den
629 2078 844 2134 Eselsohron.

227 2248 272 2295 (lm
286 2247 460 2290 nnmittelbaren
472 2177 691 2291 ddsebardnqb'bai
703 2248 914 2298 verbor-gehenne.)

122 2348 186 2414 (Dio
204 2347 308 2401 Person
325 2347 376 2402 des
393 2347 484 2402 Midas
504 2362 580 2402 muas
597 2348 666 2412 hier,
690 2349 780 2403 neben
798 2348 860 2401 dem
878 2348 1001 2403 Hinweis
1019 2346 1068 2402 aut

71 2427 122 2480 das
140 2423 303 2480 Verhtltnis
327 2424 376 2476 des
398 2423 587 2490 Flotanspiols
610 2440 644 2476 zu
668 2425 730 2478 dem
755 2422 866 2479 edleren
887 2424 1063 2491 Saitenspiah

70 2500 199 2571 augleieh
220 2500 274 2554 den
291 2483 441 2567 llbergang
462 2514 497 2552 au
519 2499 580 2553 dem
607 2498 859 2567 trojanischen
882 2498 1065 2568 Sagcnlrreise

70 2578 165 2634 finden
180 2577 290 2642 lassent

76 2723 136 2779 146
199 2698 268 2793 Ille,
291 2736 417 2797 perosus
439 2734 522 2795 opes,
546 2717 637 2778 silvas
660 2724 690 2777 et
711 2737 783 2779 rura
805 2718 934 2794 colebat,

158 2804 300 2881 Panaque
323 2804 471 2863 montanis
491 2802 677 2864 habitantem
699 2823 817 2882 semper
838 2806 868 2864 in
891 2805 992 2864 antris.

159 2889 270 2967 Pingue
292 2890 346 2948 sed
368 2889 520 2965 ingenium
541 2891 659 2964 mansit,
682 2892 892 2967 nocituraque,
915 2896 949 2948 ut
972 2897 1049 2964 ante,

159 2975 275 3036 Rursus
297 2980 383 3044 erant
405 2973 524 3034 domino
548 2974 676 3035 stolidae
699 2975 879 3052 praecordia
900 2977 1016 3035 mentis.

77 3064 137 3120 150
160 3060 237 3120 Nam
258 3061 335 3120 freta
356 3059 543 3137 prospiciens
564 3059 626 3119 late
648 3061 723 3137 riget
745 3061 858 3120 arduus
882 3060 942 3120 alto

159 3145 281 3206 Tmolus
301 3146 332 3205 in
354 3163 491 3218 ascensu,
516 3144 654 3221 clivoque
678 3152 820 3206 extensus
841 3151 970 3223 utroque

160 3228 306 3292 Sardibus
327 3230 406 3304 hinc,
428 3229 510 3289 illinc
532 3232 632 3306 parvis
654 3230 755 3291 linitur
775 3231 937 3309 Hypaepis.

160 3317 224 3376 Pan
245 3315 286 3375 ibi
309 3315 380 3374 dum
402 3316 512 3375 teneris
533 3316 628 3375 iactat
649 3335 706 3375 sua
728 3318 862 3377 earmina
882 3316 1026 3394 Nymphis

159 3400 197 3461 Et
217 3401 285 3461 leve
308 3407 411 3460 cerata
432 3400 605 3461 modulatur
626 3400 793 3462 harundine
817 3420 947 3476 carmen,

77 3491 136 3548 155
160 3486 260 3547 Ausus
280 3485 453 3563 Apollineos
474 3505 547 3564 prae
570 3505 602 3546 se
627 3493 819 3547 contemnere
842 3494 958 3560 cantus,

159 3571 262 3631 Indice
285 3570 341 3631 suh
364 3570 466 3630 Tmolo
491 3578 643 3633 certarnen
665 3575 747 3633 venit
770 3573 809 3632 ad
831 3574 926 3651 inpar.
