2660 4228
257 257 316 319 108
462 255 516 309 Die
533 252 728 309 Terminallen.
764 252 840 308 Fast.
855 253 893 318 11,
909 254 1053 309 cas-684.

339 429 417 490 Cum
439 430 539 490 subito
562 435 645 489 motu
667 447 777 506 saepes
798 433 948 489 tremuere
971 428 1126 504 sinistrae3

381 515 508 576 Rettulit
530 515 580 574 ille
605 516 726 592 gradus,
748 514 989 592 horrueruntque
1013 533 1131 575 comae.

338 601 470 661 Pulcher
492 606 523 660 et
543 601 675 660 humano
697 600 793 659 maior
814 600 983 678 trabeaque
1006 600 1149 677 decorus,

381 685 528 746 Romulus
549 687 580 745 in
602 685 704 745 media
724 686 808 745 visus
831 686 939 746 adesse
961 686 1020 759 via,

256 776 315 831 505
338 773 375 832 Et
397 773 510 833 dixisse
533 770 634 831 simul:
659 770 808 846 „Prohibe
830 770 936 850 lugere
959 770 1099 845 Quirites,

381 858 426 918 Ne
448 857 562 917 violent
582 857 715 916 lacrimis
736 858 860 916 numina
881 862 986 916 nostra
1007 857 1079 916 suis.

338 943 419 1004 Tura
440 944 538 1003 ferant
560 943 743 1021 placentque
765 961 878 1002 novum
899 943 950 1020 pia
974 940 1065 1001 turba
1086 940 1252 1017 Quirinum,
1304 1024 1305 1031 ἵ

380 1029 418 1089 Et
439 1030 552 1107 patrias
576 1033 656 1088 artes
678 1028 875 1105 militiamque
900 1027 1033 1089 colant“

338 1115 436 1190 lussit,
461 1121 491 1174 et
513 1115 543 1174 in
565 1121 672 1174 tenues
695 1113 792 1174 oculis
816 1114 938 1173 evanuit
960 1131 1060 1173 auras.

255 1202 315 1259 510
383 1199 541 1259 Convocat
561 1199 612 1259 bic
634 1198 762 1278 populos
784 1200 928 1276 iussaque
950 1198 1045 1259 verba
1065 1198 1170 1261 refert.

338 1284 464 1362 Templa
486 1285 545 1344 deo
567 1285 656 1357 fiunt;
682 1283 768 1344 collis
790 1302 913 1361 quoque
936 1284 1037 1343 dictus
1059 1283 1098 1344 ab
1122 1284 1177 1344 illo
1200 1290 1250 1359 est,

380 1369 418 1429 Et
439 1370 572 1430 referunt
595 1371 670 1428 certi
685 1387 782 1437 ¹sacra
803 1375 929 1447 patema
951 1370 1027 1429 dics.

554 1625 607 1696 33.
634 1626 696 1694 Die
717 1627 947 1702 Terminalien.

635 1749 695 1797 min.
710 1748 740 1800 11,
754 1745 873 1797 uas-aar.)

304 1851 358 1906 Die
384 1850 643 1915 Terminalien,
671 1867 717 1905 am
743 1851 784 1905 23.
806 1850 942 1917 Februar,
973 1865 1067 1907 waren
1095 1851 1159 1906 dem
1187 1849 1251 1906 Gott
1304 1918 1305 1923 ἵ

253 1928 439 1984 Terminus
456 1926 582 1994 (creme)
602 1927 645 1982 als
663 1927 726 1982 dom
743 1926 913 1982 Beschtitner
930 1927 981 1982 der
996 1926 1111 1984 rechten
1128 1926 1250 1985 Gramen
1304 1950 1305 1963 κ

253 2003 389 2074 gewciht;
411 2004 452 2059 sie
468 2019 562 2058 waren
579 2019 635 2059 von
652 2004 742 2060 Numa
760 2002 929 2072 cingcftibrt.

338 2114 412 2196 Nox
434 2136 488 2195 ubi
510 2138 669 2211 transierit,
694 2137 782 2197 solito
806 2137 979 2197 celebretur
1000 2139 1123 2214 honore,

255 2226 316 2282 640
384 2220 513 2300 Separat
534 2222 645 2282 indicio
669 2224 721 2300 qui
744 2223 820 2282 deus
844 2241 916 2282 arva
938 2242 1004 2282 suo.

339 2307 485 2382 Termine,
509 2309 573 2367 sive
595 2307 681 2386 lapis,
706 2310 769 2368 sive
794 2326 826 2367 es
848 2309 989 2369 defossus
1010 2309 1040 2368 in
1064 2328 1137 2386 agro

381 2391 490 2472 Stipes,
516 2393 554 2452 ab
579 2394 709 2471 antiquis
731 2400 764 2453 tu
788 2412 909 2472 quoque
931 2412 1043 2453 numen
1064 2395 1173 2456 habes.

337 2478 380 2539 Te
403 2480 463 2539 duo
487 2480 607 2538 diversa
629 2480 742 2539 domini
765 2479 803 2538 de
825 2485 912 2558 parte
936 2485 1081 2540 coronant

380 2563 516 2641 Binaque
539 2570 620 2623 serta
641 2564 696 2623 tibi
717 2564 849 2642 binaque
873 2566 954 2624 dona
975 2565 1083 2625 ferunt.

241 2653 314 2727 Ι645
338 2649 400 2708 Ara
421 2650 455 2707 fit
476 2649 535 2708 hic.
580 2649 684 2726 Ignem
707 2657 794 2709 curta
815 2650 873 2709 fert
894 2651 1010 2710 rustica
1031 2656 1112 2712 testa

382 2732 541 2811 Sumptum
564 2734 602 2792 de
624 2735 734 2811 tepidis
756 2737 823 2813 ipsa
846 2735 955 2795 colona
976 2736 1062 2795 focis.

338 2820 432 2895 Ligna
453 2837 549 2877 senex
570 2820 676 2878 minuit
698 2823 881 2898 concisaque
906 2822 1053 2881 construit
1075 2823 1136 2884 alte

380 2903 418 2962 Et
439 2904 537 2963 solida
558 2922 658 2964 ramos
680 2905 772 2982 figere
794 2913 909 2984 pugnat
930 2908 1033 2967 humo.

337 2989 414 3050 Turn
436 2990 519 3049 sicco
542 2991 654 3068 primas
676 2991 777 3051 inritat
801 2993 913 3051 cortice
936 2992 1088 3052 flammas:

255 3078 315 3135 650
382 3072 449 3135 Stat
470 3094 547 3154 puer
570 3082 599 3135 et
621 3077 759 3136 manibus
781 3076 846 3137 lata
869 3078 1000 3136 canistra
1022 3072 1127 3139 tenet(

337 3161 411 3220 Inde
433 3160 486 3220 ubi
509 3167 555 3220 ter
577 3161 677 3238 fruges
700 3163 816 3222 medios
837 3164 949 3222 inmisit
971 3164 1002 3222 in
1024 3164 1119 3241 ignes,

381 3245 507 3322 Porrigit
529 3246 640 3306 incisos
662 3246 725 3307 filia
747 3266 841 3327 parva
862 3248 957 3308 favos.

337 3330 414 3391 Vina
436 3337 539 3391 tenent
562 3332 620 3392 alii.
665 3332 812 3392 Libantur
833 3334 952 3410 singula
973 3333 1116 3410 flammis;

382 3414 529 3494 Spectant
551 3423 582 3477 et
602 3417 712 3494 linguis
735 3419 867 3479 candida
888 3418 978 3478 turba
999 3420 1092 3480 favet.

256 3504 315 3560 655
340 3500 496 3580 Spargitur
519 3508 549 3562 et
572 3521 662 3563 caeso
687 3504 853 3563 communis
874 3503 1030 3565 Terminus
1053 3496 1165 3584 agno,⁸

382 3586 447 3647 Nec
469 3589 614 3664 queritur,
637 3588 756 3648 lactens
780 3607 849 3648 cum
871 3589 929 3650 sibi
950 3608 1045 3668 porca
1067 3592 1167 3653 datur.
