2660 4228
228 298 288 353 Des
306 300 436 354 Dichters
453 301 558 356 beben.
592 299 679 357 Trist.
692 300 744 363 IV,
760 303 800 364 10,
816 303 924 355 1-132.
1015 307 1075 368 125

163 474 230 536 Nec
252 477 342 554 stirps
363 476 460 553 prima
481 475 539 550 fui;
564 476 665 553 genito
688 494 755 535 surn
776 475 868 536 fratre
892 484 1022 552 creatus,

99 564 138 619 10
208 562 265 634 Qui
287 562 384 621 tribus
407 567 476 622 ante
499 568 607 638 quater
629 562 783 622 mensibus
805 568 889 622 ortus
912 569 986 623 erat.

141 701 146 708 .
164 647 285 725 Lucifer
307 646 464 707 amborum
485 647 638 707 natalibus
663 647 760 706 adsuit
780 649 871 722 idem,

207 732 273 792 Una
295 733 452 792 celebrata
475 739 521 793 est
542 751 597 811 per
621 734 681 793 duo
704 732 767 792 liba
790 733 865 793 dies.

164 818 249 878 Haec
272 824 319 878 est
341 818 499 877 armiferae
521 818 605 878 festis
628 818 667 878 de
689 819 822 896 quinque
844 819 1006 893 Minervae,

208 904 292 976 Quae
315 904 381 964 fieri
402 921 505 982 pugna
526 904 623 980 prima
645 910 772 964 cruenta
793 904 880 964 solet.

102 990 140 1045 15
164 989 303 1050 Protinus
325 990 494 1049 excolimur
515 989 620 1062 teneri,
646 1006 780 1065 curaque
803 990 937 1067 parentis

206 1075 287 1136 lmus
310 1075 349 1134 ad
371 1075 503 1150 insignes
524 1073 612 1133 Urbis
636 1074 674 1132 ab
698 1080 762 1133 arte
783 1075 874 1134 viros.

165 1161 270 1222 Frater
293 1160 331 1219 ad
355 1160 510 1236 eloquium
531 1158 619 1218 viridi
641 1159 788 1220 tendebat
811 1160 849 1218 ab
873 1178 958 1235 aevo,

207 1246 310 1306 Fortia
331 1245 452 1305 verbosi
473 1250 563 1304 natus
587 1244 624 1304 ad
649 1263 732 1305 arma
753 1246 819 1305 fori.

165 1331 204 1393 At
225 1332 298 1391 mihi
319 1332 379 1391 iarn
399 1349 494 1409 puero
518 1331 663 1390 caelestia
685 1349 775 1390 saera
795 1330 969 1409 placebant,

100 1419 142 1474 20
208 1418 302 1495 Inque
325 1436 413 1476 suum
435 1417 537 1476 furtim
557 1416 645 1475 Musa
667 1417 807 1478 trahebat
829 1435 915 1495 opus.

166 1501 265 1582 Saepe
286 1508 372 1581 pater
395 1503 484 1562 dixit:
516 1500 678 1575 „Studium
700 1503 774 1579 quid
796 1502 900 1562 inutile
923 1500 1077 1579 temptas?

208 1588 383 1648 Maeonides
405 1588 506 1646 nullas
528 1588 593 1664 ipse
615 1587 739 1662 reliquit
760 1587 865 1663 opes.“

166 1675 266 1734 Motus
289 1690 372 1732 eram
394 1672 492 1744 dictis,
515 1677 641 1747 totoque
663 1670 819 1730 Helicone
832 1671 938 1731 relicto

212 1755 352 1817 Scribere
376 1755 511 1814 conabar
532 1755 627 1814 verba
648 1756 750 1815 soluta
770 1757 881 1816 modis:

104 1845 146 1900 25
171 1842 284 1921 Sponte
306 1860 362 1900 sua
385 1859 507 1900 carmen
528 1859 668 1900 numeros
689 1841 834 1902 veniebat
856 1842 895 1901 ad
919 1848 1014 1920 aptos,

212 1927 258 2000 Et,
282 1927 363 2004 quod
384 1925 571 2004 temptabam
593 1927 704 2001 dicere,
728 1945 834 1987 versus
857 1934 930 1988 erat.

170 2013 288 2073 lnterea
309 2013 402 2072 tacito
424 2031 516 2089 passu
538 2012 712 2072 labentibus
735 2014 830 2087 annis,

211 2098 346 2158 Liberior
366 2098 450 2157 fratri
472 2104 593 2175 sumpta
614 2098 746 2175 mihique
769 2105 842 2174 toga
863 2104 925 2171 est;

168 2184 364 2261 Induiturque
386 2184 497 2243 umeris
520 2201 590 2243 eum
612 2183 674 2242 lato
696 2201 832 2261 purpura
855 2184 952 2256 clavo,

105 2270 145 2326 30
210 2270 247 2329 Et
268 2269 402 2329 studium
422 2269 520 2343 nobis,
543 2269 626 2345 quod
648 2269 704 2327 fuit
727 2274 806 2342 ante,
829 2274 941 2327 manet.

168 2356 292 2431 Iamque
315 2355 423 2413 decern
444 2355 524 2413 vitae
547 2354 639 2412 frater
661 2353 867 2429 geminaverat
890 2369 992 2426 annos,

213 2439 290 2499 Cum
311 2440 398 2517 perit,
422 2444 452 2498 et
475 2439 562 2516 coepi
583 2444 670 2515 parte
694 2454 798 2496 carcre
820 2439 889 2496 mei.

170 2524 313 2604 Cepimus
336 2529 366 2584 et
387 2529 510 2583 tenerae
532 2524 644 2600 primos
667 2524 775 2582 aetatis
795 2523 935 2596 honores,

212 2610 317 2688 Deque
340 2610 412 2669 viris
433 2608 588 2685 quondam
609 2626 680 2685 pars
702 2607 798 2667 tribus
820 2626 882 2667 una
903 2608 955 2667 fui.

106 2696 145 2756 35
172 2696 265 2757 Curia
286 2694 434 2767 restabat;
460 2694 539 2753 clavi
560 2712 703 2773 mensura
726 2699 835 2753 coacta
857 2700 917 2754 est:

211 2782 308 2841 Maius
330 2786 395 2840 erat
416 2781 526 2840 nostris
547 2780 660 2839 viribus
681 2778 757 2839 illud
780 2797 865 2838 onus.

169 2868 233 2928 Nec
255 2867 373 2946 patiens
396 2883 515 2943 corpus,
538 2882 597 2924 nec
620 2883 706 2924 mens
727 2864 784 2923 fnit
806 2871 877 2942 apta
898 2864 1005 2939 labori,

213 2951 430 3028 Sollicitaeque
452 2951 546 3028 fugax
568 2950 740 3010 ambitionis
763 2966 854 3009 eram.

169 3037 207 3099 Et
227 3043 331 3117 petere
353 3035 467 3097 Aoniae
490 3035 661 3095 suadebant
682 3040 750 3094 tuta
771 3052 890 3094 sorores

105 3124 147 3183 40
213 3122 290 3197 Otia,
313 3121 426 3182 iudicio
448 3138 568 3198 semper
591 3127 691 3179 amata
712 3138 790 3180 meo.

170 3209 325 3286 Temporis
347 3207 427 3268 illius
450 3206 530 3266 colui
552 3205 674 3282 fovique
696 3211 812 3282 poetas,

214 3294 354 3370 Quotque
378 3292 504 3351 aderant
525 3296 620 3364 rates,
643 3290 733 3350 rebar
755 3291 864 3350 adesse
887 3291 970 3350 deos.

171 3378 271 3456 Saepe
293 3396 365 3437 suas
387 3378 527 3438 volucres
549 3376 622 3451 legit
642 3375 714 3434 mibi
736 3375 877 3452 grandior
899 3393 984 3446 aevo,

214 3464 361 3539 Quaeque
375 3468 467 3522 necet
484 3479 618 3538 serpens,
641 3478 721 3538 quae
743 3462 827 3521 iuvet
840 3459 946 3532 herba,
969 3458 1080 3518 Macer.

107 3556 146 3611 45
172 3549 271 3628 Saepe
294 3566 366 3608 suos
388 3547 494 3608 solitus
516 3547 645 3606 recitare
667 3544 839 3623 Propertius
860 3547 953 3620 ignes,

213 3635 282 3695 lure
304 3633 452 3694 sodalicio
474 3633 526 3709 qui
548 3632 619 3692 mihi
641 3632 763 3690 iunctus
786 3635 859 3690 erat.
