2660 4228
249 254 310 317 118
414 251 590 319 Erinnerung
607 266 643 305 an
661 251 716 306 den
733 249 886 307 Abschied.
920 248 1006 322 Trist.
1021 249 1045 314 1,
1060 252 1085 306 3.

332 426 532 505 Quocumque
556 428 718 504 aspiceres,
741 426 843 485 luctus
864 425 1054 502 gemitusque
1078 425 1243 501 sonabant,
1311 434 1312 501 ξ

375 511 546 589 Formaque
569 531 630 572 non
652 513 738 571 taciti
759 511 874 570 funeris
896 511 977 570 intus
1000 516 1073 570 erat.
1311 506 1312 587 l

334 598 460 657 Femina
482 599 588 675 virque
610 615 687 672 meo,
711 598 800 675 pueri
822 615 944 673 quoque
971 595 1078 655 funere
1105 603 1254 669 maerent,
1311 610 1312 613 ’

375 682 470 760 Inque
494 684 584 742 domo
606 681 748 742 lacrimas
771 681 899 759 angulus
922 682 1018 740 omnis
1040 681 1145 741 habet.

271 770 312 828 25
337 766 369 827 Si
390 768 463 829 licet
486 768 633 846 exemplis
656 770 685 827 in
707 786 801 845 parvo
824 767 989 844 grandibus
1011 768 1069 826 uti:

377 853 462 914 Haec
484 854 579 913 facies
598 853 714 927 Troiae,
739 871 808 912 eum
829 859 952 930 caperet
954 871 996 928 ur,
1022 858 1096 912 erat

335 938 459 1017 lamque
482 939 681 1017 quiescebant
708 957 801 998 voces
826 938 1041 1014 hominumque
1069 955 1251 1015 canumque,
1311 940 1312 1023 l

379 1026 524 1103 Lunaque
547 1031 712 1084 nocturnos
735 1023 798 1084 alta
818 1023 944 1099 regebat
967 1042 1075 1100 equos,
1311 1094 1312 1109 χ

336 1109 421 1170 Hanc
445 1130 500 1187 ego
525 1112 694 1189 suspiciens
717 1115 747 1169 et
770 1109 808 1169 ab
830 1109 890 1167 hac
914 1106 1002 1186 Capit
990 1109 1064 1168 tolia
1087 1127 1223 1185 semem,

274 1197 313 1253 30
380 1196 464 1267 Quae
486 1201 555 1255 nost
556 1215 589 1255 ro
543 1195 751 1255 tirustra
743 1200 848 1253 iuncta
816 1194 953 1253 tafuere
975 1194 1045 1253 lari:

337 1281 488 1353 „Numina
508 1281 615 1339 vicinis
636 1280 805 1340 habitantia
826 1279 982 1353 sedibus“,
1005 1280 1139 1356 inquam,

379 1365 522 1442 „lamque
545 1365 642 1424 oculis
664 1383 829 1442 numquam
851 1364 965 1443 templa
986 1364 1119 1424 videnda
1141 1368 1225 1442 meis,

335 1451 432 1527 Dique
455 1450 654 1528 relinquendi,
679 1469 755 1527 quos
777 1450 850 1509 urbs
872 1455 955 1510 tenet
978 1449 1040 1509 alta
1062 1451 1188 1526 Quirini,

377 1536 448 1596 Este
472 1536 596 1596 salutati
617 1541 737 1613 tempus
758 1536 788 1595 in
811 1553 900 1594 omne
922 1534 1006 1594 mihi!

273 1624 311 1681 35
335 1622 372 1681 Et
394 1640 577 1701 quamquam
599 1639 667 1681 sero
691 1620 821 1698 clipeum
843 1627 912 1698 post
933 1620 1059 1680 vulnera
1081 1641 1178 1699 sumo,

377 1706 517 1767 Attamen
539 1707 619 1767 hanc
642 1706 719 1766 odiis
742 1712 906 1766 exonerate
928 1706 1038 1783 fugam,

337 1790 531 1870 Caelestique
554 1793 626 1867 viro,
651 1794 719 1869 quis
741 1811 789 1851 me
813 1791 969 1869 deceperit
992 1810 1083 1866 error,

378 1878 485 1952 Dicite,
509 1896 563 1954 pro
588 1877 678 1956 culpa
699 1896 738 1936 ne
759 1876 861 1936 scelus
885 1895 952 1936 esse
974 1883 1070 1953 putet,
1311 1944 1312 1963 ÷

335 1961 382 2037 Ut,
407 1963 489 2039 quod
511 1981 566 2022 vos
588 1964 680 2034 scitis,
711 1980 828 2039 poenae
851 1981 973 2039 quoque
995 1964 1108 2031 sentiat
1129 1970 1247 2038 auctor3
1311 1966 1312 2001 l

271 2051 311 2107 40
377 2047 502 2107 Placato
524 2066 648 2125 possum
669 2065 730 2106 non
752 2049 842 2107 miser
865 2065 931 2107 esse
952 2046 1041 2107 deo.“

335 2132 400 2192 Hac
422 2150 513 2211 prece
537 2133 661 2192 adoravi
684 2130 816 2212 Superos
840 2151 904 2210 ego,
928 2132 1066 2210 pluribus
1088 2153 1175 2211 uxor,

378 2215 516 2295 Singultu
538 2219 654 2278 medios
675 2219 858 2296 impediente
880 2236 980 2277 sonos.

334 2303 391 2363 llla
413 2306 503 2364 etiam
526 2310 596 2364 ante
618 2304 698 2363 lares
720 2304 833 2381 sparsis
855 2310 1004 2381 prostrata
1026 2304 1145 2381 capillis

382 2387 511 2467 Contigit
534 2390 700 2449 exstinctos
722 2408 774 2449 ore
796 2395 943 2449 tremente
966 2389 1058 2464 focos,

271 2475 311 2532 45
334 2474 489 2553 Multaque
511 2475 542 2534 in
565 2476 712 2534 adversos
735 2474 840 2533 effudit
862 2473 957 2534 verba
978 2481 1113 2552 penates,

379 2559 436 2619 Pro
460 2559 618 2637 deplorato
640 2579 702 2620 non
723 2559 853 2619 valitura
875 2561 948 2619 viro.

333 2643 457 2721 Iamque
480 2663 582 2705 morae
605 2647 736 2722 spatium
756 2664 818 2704 nox
839 2646 1039 2723 praecipitata
1059 2645 1203 2722 negabat,

376 2729 532 2806 Versaque
556 2730 594 2790 ab
618 2749 675 2790 axe
697 2749 753 2790 suo
775 2730 930 2789 Parrhasis
952 2729 1061 2790 Arctos
1083 2737 1163 2790 erat:

334 2813 414 2886 Quid
436 2814 590 2875 facerem?
612 2816 725 2875 blando
747 2817 862 2893 patriae
885 2815 1038 2876 retinebar
1059 2834 1172 2889 amore,

270 2901 310 2959 50
375 2898 487 2959 Ultima
508 2901 563 2960 sed
585 2903 686 2961 iussae
708 2920 770 2961 nox
793 2907 857 2961 erat
878 2900 931 2960 illa
952 2902 1052 2978 fugae.

258 3008 277 3035 ο
332 2983 388 3059 Ah,
413 2987 533 3062 quoties
557 2986 658 3064 aliquo
682 2987 744 3046 dixi
766 2993 962 3065 properante:
987 2986 1088 3060 „Quid
1110 2984 1221 3064 urges?

375 3069 429 3130 Vel
452 3090 512 3148 quo
534 3073 657 3132 festines
678 3073 730 3148 ire,
754 3072 804 3132 vel
826 3073 915 3148 unde,
940 3069 1045 3131 vide!“

331 3153 388 3229 Ah,
412 3158 531 3232 quoties
554 3163 669 3217 certam
690 3175 738 3217 me
761 3177 828 3217 sum
850 3159 993 3217 mentitus
1014 3156 1130 3216 habere

376 3239 496 3315 Horam,
520 3244 692 3320 propositae
716 3261 795 3320 quae
817 3243 894 3302 soret
917 3249 988 3320 apta
1009 3243 1088 3300 viae.

271 3326 311 3382 55
336 3324 394 3385 Ter
415 3325 506 3386 limen
528 3328 621 3405 tetigi,
644 3334 691 3388 ter
712 3347 780 3387 sum
801 3334 973 3401 revocatus,
998 3332 1027 3386 et
1049 3328 1115 3404 ipse

336 3480 339 3485 .
375 3409 537 3488 Indulgens
561 3414 659 3473 animo
682 3432 736 3490 pes
758 3413 830 3473 mihi
851 3413 958 3473 tardus
981 3419 1055 3472 erat.

334 3492 433 3573 Saepe
457 3497 530 3557 Vale
555 3498 635 3558 dicto
658 3516 763 3558 rursus
785 3517 852 3557 sum
874 3498 971 3558 multa
991 3497 1123 3571 locutus,

373 3579 410 3640 Et
434 3585 521 3658 quasi
546 3583 708 3642 discedens
731 3583 837 3642 oscula
859 3602 977 3643 summa
1000 3582 1080 3642 dedi.
