2660 4224
226 283 280 339 Die
299 282 501 355 Calydonisoha
517 284 600 354 Jagd.
636 285 702 340 Mat.
713 285 792 350 VIII,
806 288 949 342 aaa-430.
1040 291 1077 352 61

169 459 346 537 viminaque
369 469 399 521 et
419 460 509 540 longa
529 478 643 539 parvae
670 461 727 520 sub
754 461 923 522 harundine
951 480 1076 524 cannae.

171 545 249 606 Hinc
272 565 344 625 aper
366 548 485 606 excitus
507 548 624 606 medios
646 546 797 606 violentus
819 549 850 606 in
871 547 974 608 hostes

169 631 285 705 Fertur,
308 638 342 692 ut
364 633 500 693 excussis
524 632 589 692 elisi
609 631 742 692 nubibus
764 634 859 709 ignes.

83 721 146 776 340
171 715 319 778 Sternitur
340 719 463 777 incursu
484 736 598 793 nemus,
624 725 655 777 et
675 718 820 796 propulsa
840 718 989 798 fragorem

172 801 254 863 Silva
277 803 338 862 dat.
382 802 562 863 Exclamant
583 804 717 878 iuvenes,
740 810 960 881 praetentaque
983 805 1052 863 forti

170 887 245 948 Tela
266 894 369 949 tenent
392 888 508 964 dextra,
531 889 594 948 lato
616 889 766 949 vibrantia
787 888 875 949 ferro.

169 973 223 1034 Ille
244 976 304 1033 ruit
326 976 499 1053 spargitque
523 992 624 1048 canes,
648 975 832 1051 utquisque
854 975 963 1035 furenti

170 1058 287 1134 Obstat,
311 1067 342 1120 et
363 1059 486 1137 obliquo
508 1059 654 1119 latrantes
677 1059 803 1137 dissipat
825 1060 898 1119 ictu.

83 1147 146 1204 345
173 1143 281 1224 Cuspis
302 1143 447 1205 Echionio
469 1146 598 1224 primum
621 1150 759 1204 contorta
780 1143 895 1205 lacerto

169 1229 254 1291 Vana
276 1231 333 1290 fuit
354 1237 523 1308 truncoque
546 1230 630 1290 dedit
651 1229 719 1289 leve
742 1230 852 1290 vulnus
875 1249 994 1292 acerno.

169 1315 318 1392 Proxima,
342 1317 368 1375 si
389 1317 487 1376 nimiis
509 1317 653 1376 mittentis
676 1314 789 1376 viribus
811 1335 868 1377 usa

169 1402 236 1462 Non
258 1402 343 1478 foret,
367 1403 398 1461 in
419 1408 503 1480 tergo
525 1404 591 1462 visa
614 1408 660 1462 est
681 1402 813 1462 haesura
834 1404 938 1480 petito:

170 1487 300 1565 Longius
322 1489 357 1563 it3
382 1495 489 1548 auctor
510 1488 564 1548 teli
585 1487 758 1566 Pagasaeus
779 1486 877 1547 lason.

81 1575 146 1632 350
170 1573 343 1649 „Phoebe“,
375 1575 416 1632 ait
437 1573 620 1651 Ampycides
643 1574 690 1645 „si
718 1578 748 1631 te
776 1572 917 1648 coluique
940 1573 1077 1650 coloque,

169 1658 216 1718 Da
237 1658 318 1732 mihi,
342 1658 425 1734 quod
447 1659 566 1734 petitur,
592 1663 676 1715 certo
700 1657 872 1732 contingere
894 1656 991 1716 telol“

170 1744 239 1814 Qua
260 1742 367 1819 potuit,
389 1741 531 1819 precibus
555 1741 631 1800 deus
654 1740 767 1800 adnuit.
797 1740 878 1801 lctus
901 1742 939 1802 ab
956 1741 1007 1802 illo
1023 1750 1077 1819 est,

172 1825 234 1886 Sed
256 1827 321 1884 sine
342 1826 476 1900 vulnere,
501 1844 589 1904 aper;
613 1825 724 1885 ferrum
745 1824 841 1886 Diana
862 1827 975 1888 volanti

174 1910 349 1971 Abstulerat
370 1910 484 1986 iaculo;
507 1911 621 1988 lignum
642 1912 705 1971 sine
729 1913 867 1972 acumine
890 1916 978 1974 venit.

85 1998 148 2054 355
214 1995 262 2055 Ira
282 1996 336 2056 feri
358 2002 441 2056 mota
464 2004 516 2073 est,
540 2016 597 2057 nec
620 1997 742 2056 fulmine
764 1996 862 2058 lenius
885 2001 969 2059 arsit:

170 2080 288 2142 Emicat
310 2100 348 2141 ex
370 2082 475 2158 oculis,
499 2084 593 2161 spirat
615 2101 736 2161 quoque
758 2091 882 2161 pectore
905 2084 1050 2146 flammas.

170 2166 268 2245 thue
290 2166 373 2227 volat
395 2167 490 2229 moles
513 2168 646 2228 adducto
670 2170 791 2228 concita
811 2187 913 2245 nervo,

171 2251 247 2313 Cum
268 2255 343 2331 petit
366 2260 419 2314 aut
439 2272 549 2326 muros,
574 2259 626 2314 aut
647 2252 754 2331 plenas
776 2253 869 2313 milite
891 2261 1002 2315 turres:

168 2338 202 2397 ln
223 2339 348 2398 iuvenes
371 2344 454 2398 certo
477 2340 521 2398 sic
543 2340 654 2416 impete
677 2337 838 2397 vulnificus
859 2357 912 2398 sus

83 2424 145 2482 360
169 2423 285 2497 Fertur,
309 2431 340 2482 et
360 2422 548 2501 Eupalamon
569 2422 791 2499 Pelagonaque,
824 2422 932 2481 dextra
958 2430 1078 2484 tuentes

170 2507 299 2584 Cornua,
323 2509 492 2585 prosternit·
537 2505 618 2567 Socii
640 2525 769 2584 rapuere
791 2508 934 2583 iacentes,

169 2594 208 2654 At
229 2611 290 2653 non
311 2593 444 2654 letiferos
468 2593 571 2670 effugit
591 2590 769 2651 Enaesimus
790 2593 878 2667 ictus,

168 2679 378 2758 Hippocoonte
400 2684 493 2738 satus.
530 2677 740 2755 Trepidantem
763 2684 793 2738 et
814 2684 901 2757 terga
921 2687 1077 2759 parantem

169 2764 291 2825 Vertere
313 2766 435 2824 succiso
457 2763 608 2842 liquerunt
630 2762 742 2842 poplite
764 2766 858 2825 nervi.

83 2852 146 2908 365
162 2850 308 2910 ‘Forsitan
330 2855 361 2910 et
382 2849 483 2928 Pylius
506 2850 582 2909 citra
602 2849 731 2909 Troiana
752 2852 880 2929 perisset

168 2934 327 3014 Tempora:
353 2935 418 3010 sed,
441 2942 560 3013 sumpto
583 2936 682 3013 posita
705 2938 860 2996 conamine
884 2937 922 2996 ab
945 2937 1044 3014 hasta,

168 3020 291 3082 Arboris
312 3021 432 3095 insiluit,
458 3039 536 3098 quae
559 3021 660 3081 stabat
681 3022 826 3099 proxima,
850 3023 948 3096 ramis,

168 3105 381 3184 Despexitque,
405 3104 474 3165 loco
496 3111 588 3181 tutus,
613 3124 704 3182 quem
725 3106 843 3184 fugerat
864 3106 990 3167 hostem

168 3189 315 3252 Dentibus
336 3190 388 3251 ille
408 3192 495 3251 ferox
517 3192 547 3249 in
569 3209 682 3268 querno
705 3192 805 3269 stipite
828 3192 904 3251 tritis

84 3280 145 3338 370
168 3277 304 3337 Imminet
326 3277 426 3350 exitio,
448 3276 606 3353 fidensque
628 3277 801 3337 recentibus
823 3278 914 3336 armis

167 3361 331 3422 Actoridae
352 3362 452 3439 magni
473 3367 571 3422 rostro
592 3362 690 3421 femur
711 3361 813 3420 hausit
835 3361 963 3422 adunco.

168 3447 207 3508 At
229 3448 349 3525 gemini,
371 3447 506 3508 nondum
528 3446 673 3507 caelestia
694 3446 804 3520 sidera,
827 3446 943 3522 fratres,

168 3531 266 3594 Ambo
290 3533 453 3610 conspicui,
477 3532 547 3592 nive
570 3531 795 3592 candidioribus
818 3530 907 3591 ambo

168 3616 376 3678 Vectabantur
398 3619 492 3696 equis,
516 3617 606 3679 ambo
627 3617 746 3677 vibrata
767 3636 821 3695 per
844 3636 934 3679 auras
