2660 4228
262 286 325 346 100
372 281 461 336 lanus
478 281 530 335 mit
547 280 611 335 dem
627 277 855 349 Doppelgesicht
890 278 1005 343 Fasti,
1019 278 1151 329 tta-182.

283 459 321 515 70
386 455 424 516 Et
445 473 549 516 resera
569 462 624 516 nut
624 475 645 515 ιι
612 454 835 515 tcandidat
822 453 941 551 templa
956 459 1020 513 tuo

344 540 495 620 Prospera
516 541 571 601 lux
593 542 698 601 oritur:
722 540 831 617 linguis
854 539 1020 616 animisque
1042 535 1160 599 favete!

387 627 475 687 Nunc
498 627 629 686 dicenda
650 625 731 686 bono
753 631 823 685 sunt
844 624 925 685 bona
946 623 1042 684 verba
1065 624 1125 683 die.

268 733 271 739 ’
344 713 410 773 lite
432 717 544 772 vacent
567 729 664 785 aures,
687 711 854 788 insanaque
876 711 1012 788 protinus
1035 709 1137 768 absint

387 797 501 876 Iurgia;
526 796 614 857 differ
636 815 721 875 opus,
745 796 839 856 livida
859 794 958 872 turba,
982 801 1078 855 tuum.

283 886 322 942 75
347 881 460 959 Cernis,
485 882 621 944 odoratis
642 889 677 942 ut
697 882 801 943 luceat
822 881 941 958 ignibus
964 880 1079 955 aether,

387 968 424 1029 Et
446 975 533 1029 sonet
556 968 695 1029 accensis
716 968 803 1046 spica
825 963 934 1026 Cilissa
955 964 1054 1025 locis?

346 1054 484 1115 Flamma
504 1056 601 1115 nitore
624 1072 679 1114 suc
702 1052 884 1130 templorum
905 1051 1048 1112 verberat
1071 1069 1189 1126 aurum,

388 1139 426 1200 Et
447 1140 610 1201 tremulum
631 1157 749 1199 summa
770 1138 884 1216 spargit
904 1138 935 1196 in
958 1137 1036 1197 aede
1057 1136 1157 1197 iubar.

346 1225 487 1285 Vestibus
509 1225 631 1284 intactis
651 1223 797 1302 Tarpeias
818 1225 879 1282 itur
899 1224 930 1281 in
954 1240 1051 1296 arces,

284 1312 323 1369 80
388 1309 426 1370 Et
448 1309 578 1387 populus
600 1310 677 1368 festo
701 1308 845 1369 concolor
866 1308 931 1385 ipse
953 1326 1008 1368 suo
1032 1314 1088 1367 est.

345 1394 469 1473 lamque
491 1396 561 1455 novi
582 1399 730 1472 praeeunt
752 1394 862 1466 fasces,
885 1411 966 1453 nova
986 1411 1123 1470 purpura
1136 1394 1240 1470 fulget,

388 1480 426 1539 Et
446 1499 527 1540 nova
549 1480 748 1558 conspicuum
769 1479 905 1556 pondera
926 1480 1016 1538 sentit
1039 1479 1125 1538 ebur.

348 1564 435 1625 Colla
456 1566 549 1626 rudes
571 1562 696 1663 operum
718 1564 866 1643 praebent
886 1564 1023 1624 ferienda
1044 1565 1175 1639 iuvenci,

390 1651 472 1724 Quos
496 1651 570 1711 aluit
593 1652 708 1729 campis
729 1649 825 1710 herba
846 1649 968 1709 Falisca
990 1650 1062 1710 suis.

285 1738 323 1794 85
346 1737 445 1815 luppit
447 1756 480 1797 er
503 1754 573 1796 arce
596 1755 653 1796 sua
675 1753 745 1796 cum
766 1742 863 1795 totum
811 1740 1004 1812 umspectet
1024 1736 1055 1795 in
1077 1736 1193 1811 orbem,

389 1822 439 1882 Nil
459 1822 516 1881 nisi
538 1821 717 1896 Romanum,
741 1821 822 1898 quod
845 1826 974 1896 tueatur,
997 1820 1101 1880 habet,

348 1905 448 1980 Salve,
471 1906 553 1965 laeta
575 1907 649 1981 dics,
673 1906 840 1983 meliorque
862 1912 1012 1966 revenere
1034 1925 1163 1984 semper,

390 1990 416 2051 A
437 1990 551 2070 populo
573 2010 673 2051 rerum
695 1991 786 2069 digna
806 1996 930 2069 potente
953 1991 1021 2051 coli.

348 2076 445 2148 Quem
466 2082 568 2137 tamen
591 2093 658 2136 esse
683 2076 774 2136 deum
795 2082 826 2137 te
849 2076 959 2151 dicam,
981 2075 1053 2137 lane
1075 2077 1234 2139 biformis?
1310 2088 1311 2121 ³

285 2163 325 2222 90
390 2161 468 2222 Nam
489 2162 545 2221 tibi
566 2180 622 2239 par
642 2161 760 2221 nullum
782 2160 910 2222 Graecia
931 2180 1042 2222 numen
1064 2162 1169 2223 habet.

348 2246 412 2307 Ede
434 2246 523 2307 simul
546 2265 679 2322 causam,
705 2265 759 2307 cur
781 2248 820 2307 de
844 2247 1027 2308 caelestibus
1049 2267 1136 2324 unus,

391 2330 497 2411 Sitque
520 2333 603 2411 quod
626 2350 645 2393 a
665 2338 761 2410 tergo,
784 2334 883 2411 sitque
906 2333 989 2411 quod
1012 2339 1090 2409 ante,
1115 2333 1211 2395 vides.

348 2417 433 2479 Haec
456 2437 511 2496 ego
535 2437 605 2479 cum
627 2419 754 2497 sumptis
776 2418 920 2495 agitarem
942 2424 1042 2479 mente
1064 2418 1197 2496 tabellis,
1310 2408 1311 2423 ¹

391 2504 534 2564 Lucidior
555 2506 621 2564 visa
643 2510 697 2578 est,
722 2523 814 2581 quam
836 2504 891 2562 luit
914 2510 993 2577 ante,
1018 2503 1135 2565 domus.

286 2590 325 2648 95
349 2588 426 2649 Tum
448 2607 537 2649 sacer
560 2591 683 2669 ancipiti
704 2591 859 2649 mirandus
880 2589 1010 2666 imagine
1031 2588 1123 2650 Ianus

391 2674 467 2734 Bina
487 2692 597 2752 repens
619 2675 716 2735 oculis
738 2673 847 2734 obtulit
869 2692 922 2734 ora
943 2675 1030 2735 meis.

348 2758 488 2833 Extimui,
511 2760 652 2838 sensique
674 2765 758 2820 metu
779 2760 905 2836 riguisse
927 2760 1062 2839 capillos,

391 2842 429 2903 Et
451 2843 583 2921 gelidum
604 2845 704 2906 subito
726 2845 834 2922 frigore
855 2851 965 2923 pectus
985 2851 1058 2906 erat.

348 2929 402 2989 Ille
424 2935 532 2989 tenens
554 2929 699 2990 baculum
721 2931 837 3004 dextra,
862 2930 1041 3009 clavemque
1062 2932 1193 3009 sinistra,

268 3018 326 3075 100
392 3013 493 3075 Edidit
514 3016 570 3076 hos
590 3015 678 3076 nobis
700 3034 753 3076 ore
775 3017 874 3094 priore
895 3034 1000 3076 sonos:

350 3184 461 3261 „Disce
484 3192 567 3245 metu
588 3186 696 3262 posito,
718 3193 804 3246 vates
827 3204 954 3264 operose
978 3186 1104 3262 dierum,

393 3270 480 3344 Quod
503 3270 590 3350 petis,
615 3276 646 3331 et
666 3290 759 3333 voces
780 3273 903 3350 percipe
925 3278 1026 3332 mente
1048 3291 1143 3333 meas.

350 3355 398 3417 Me
422 3354 522 3417 Chaos
545 3356 660 3434 antiqui
675 3389 697 3398 -
712 3376 783 3418 nam
798 3376 866 3416 sum
880 3376 929 3418 res
943 3358 1042 3435 prisca
1057 3389 1079 3399 -
1095 3359 1258 3433 vocabant;

390 3437 515 3519 Aspice,
538 3460 631 3519 quam
651 3441 732 3520 longi
752 3442 896 3520 temporis
918 3448 989 3503 acta
1011 3460 1130 3503 canam.

269 3527 328 3584 105
351 3525 485 3586 Lucidus
505 3526 556 3586 hic
580 3531 631 3586 aer
654 3533 693 3600 et,
716 3544 796 3605 quae
817 3532 875 3587 tna
897 3546 1024 3606 corpora
1045 3536 1172 3606 restant,

311 3692 314 3697 Α
393 3611 480 3688 Ignis,
505 3630 612 3689 aquae,
636 3611 736 3687 tellus,
759 3630 838 3672 unus
861 3632 988 3674 acervus
1011 3621 1106 3674 erant
