<?xml version="1.0" encoding="UTF-8"?>
<!DOCTYPE html PUBLIC "-//W3C//DTD XHTML 1.0 Transitional//EN"
    "http://www.w3.org/TR/xhtml1/DTD/xhtml1-transitional.dtd">
<html xmlns="http://www.w3.org/1999/xhtml" xml:lang="en" lang="en">
 <head>
  <title>
</title>
<meta http-equiv="Content-Type" content="text/html;charset=utf-8" />
  <meta name='ocr-system' content='tesseract 3.04.00' />
  <meta name='ocr-capabilities' content='ocr_page ocr_carea ocr_par ocr_line ocrx_word'/>
</head>
<body>
  <div class='ocr_page' id='page_1' title='image "./lateinischedich00bonegoog_0153.png"; bbox 0 0 2660 4228; ppageno 0'>
   <div class='ocr_carea' id='block_1_1' title="bbox 304 262 1021 333">
    <p class='ocr_par' dir='ltr' id='par_1_1' title="bbox 304 262 1021 333">
     <span class='ocr_line' id='line_1_1' title="bbox 304 262 1021 333; baseline -0.011 -7"><span class='ocrx_word' id='word_1_1' title='bbox 304 273 364 333; x_wconf 85' lang='lat'>140</span> <span class='ocrx_word' id='word_1_2' title='bbox 578 265 626 320; x_wconf 84' lang='lat' dir='ltr'>An</span> <span class='ocrx_word' id='word_1_3' title='bbox 643 264 805 321; x_wconf 76' lang='lat' dir='ltr'>Tulloanus.</span> <span class='ocrx_word' id='word_1_4' title='bbox 841 262 902 316; x_wconf 84' lang='lat' dir='ltr'>Lib.</span> <span class='ocrx_word' id='word_1_5' title='bbox 916 262 964 328; x_wconf 86' lang='lat' dir='ltr'>IV,</span> <span class='ocrx_word' id='word_1_6' title='bbox 981 263 1021 318; x_wconf 83' lang='lat'>12.</span> 
     </span>
    </p>
   </div>
   <div class='ocr_carea' id='block_1_2' title="bbox 428 437 1143 518">
    <p class='ocr_par' dir='ltr' id='par_1_2' title="bbox 428 437 1143 518">
     <span class='ocr_line' id='line_1_2' title="bbox 428 437 1143 518; baseline -0.001 -18"><span class='ocrx_word' id='word_1_7' title='bbox 428 441 554 501; x_wconf 80' lang='lat' dir='ltr'><strong>Desinat</strong></span> <span class='ocrx_word' id='word_1_8' title='bbox 576 447 609 500; x_wconf 94' lang='lat' dir='ltr'>ut</span> <span class='ocrx_word' id='word_1_9' title='bbox 631 441 711 518; x_wconf 91' lang='lat' dir='ltr'>prior</span> <span class='ocrx_word' id='word_1_10' title='bbox 732 439 801 512; x_wconf 85' lang='lat' dir='ltr'>hoc,</span> <span class='ocrx_word' id='word_1_11' title='bbox 825 437 1010 515; x_wconf 80' lang='lat' dir='ltr'>incipiatque</span> <span class='ocrx_word' id='word_1_12' title='bbox 1032 439 1143 515; x_wconf 84' lang='lat' dir='ltr'>minor;</span> 
     </span>
    </p>
   </div>
   <div class='ocr_carea' id='block_1_3' title="bbox 326 522 1179 776">
    <p class='ocr_par' dir='ltr' id='par_1_3' title="bbox 326 460 1312 776">
     <span class='ocr_line' id='line_1_3' title="bbox 386 522 1179 605; baseline -0.002 -19"><span class='ocrx_word' id='word_1_13' title='bbox 386 527 423 587; x_wconf 86' lang='lat' dir='ltr'>Et</span> <span class='ocrx_word' id='word_1_14' title='bbox 444 527 567 605; x_wconf 86' lang='lat' dir='ltr'>pudeat,</span> <span class='ocrx_word' id='word_1_15' title='bbox 591 526 616 585; x_wconf 92' lang='lat' dir='ltr'>si</span> <span class='ocrx_word' id='word_1_16' title='bbox 638 531 677 600; x_wconf 86' lang='lat' dir='ltr'>te,</span> <span class='ocrx_word' id='word_1_17' title='bbox 703 542 764 602; x_wconf 94' lang='lat' dir='ltr'>qua</span> <span class='ocrx_word' id='word_1_18' title='bbox 785 522 903 601; x_wconf 76' lang='lat' dir='ltr'><strong>syllaba</strong></span> <span class='ocrx_word' id='word_1_19' title='bbox 925 529 1010 601; x_wconf 88' lang='lat' dir='ltr'>parte</span> <span class='ocrx_word' id='word_1_20' title='bbox 1033 530 1179 600; x_wconf 86' lang='lat' dir='ltr'>moratur,</span> 
     </span>
     <span class='ocr_line' id='line_1_4' title="bbox 326 609 1112 690; baseline -0.004 -18"><span class='ocrx_word' id='word_1_21' title='bbox 326 617 363 672; x_wconf 89' lang='lat'>10</span> <span class='ocrx_word' id='word_1_22' title='bbox 428 610 531 672; x_wconf 88' lang='lat' dir='ltr'>Artius</span> <span class='ocrx_word' id='word_1_23' title='bbox 554 611 704 690; x_wconf 82' lang='lat' dir='ltr'>appellem</span> <span class='ocrx_word' id='word_1_24' title='bbox 725 609 967 686; x_wconf 83' lang='lat' dir='ltr'>Tuticanumque</span> <span class='ocrx_word' id='word_1_25' title='bbox 989 627 1112 685; x_wconf 86' lang='lat' dir='ltr'>vocem;</span> 
     </span>
     <span class='ocr_line' id='line_1_5' title="bbox 386 694 1155 776; baseline -0.004 -18"><span class='ocrx_word' id='word_1_26' title='bbox 386 698 451 758; x_wconf 87' lang='lat' dir='ltr'>Nec</span> <span class='ocrx_word' id='word_1_27' title='bbox 473 702 560 776; x_wconf 91' lang='lat' dir='ltr'>potes</span> <span class='ocrx_word' id='word_1_28' title='bbox 582 699 613 756; x_wconf 93' lang='lat' dir='ltr'>in</span> <span class='ocrx_word' id='word_1_29' title='bbox 634 715 755 756; x_wconf 87' lang='lat' dir='ltr'>versum</span> <span class='ocrx_word' id='word_1_30' title='bbox 776 694 916 754; x_wconf 76' lang='lat' dir='ltr'>Tuticani</span> <span class='ocrx_word' id='word_1_31' title='bbox 937 712 1020 754; x_wconf 92' lang='lat' dir='ltr'>more</span> <span class='ocrx_word' id='word_1_32' title='bbox 1042 697 1155 772; x_wconf 85' lang='lat' dir='ltr'>venire,</span> 
     </span>
    </p>
   </div>
   <div class='ocr_carea' id='block_1_4' title="bbox 322 779 1312 3681">
    <p class='ocr_par' dir='ltr' id='par_1_4' title="bbox 322 779 1312 3681">
     <span class='ocr_line' id='line_1_6' title="bbox 428 779 1099 860; baseline -0.004 -17"><span class='ocrx_word' id='word_1_33' title='bbox 428 783 497 843; x_wconf 91' lang='lat' dir='ltr'>Fiat</span> <span class='ocrx_word' id='word_1_34' title='bbox 518 788 553 842; x_wconf 92' lang='lat' dir='ltr'>ut</span> <span class='ocrx_word' id='word_1_35' title='bbox 575 801 592 842; x_wconf 90' lang='lat' dir='ltr'>e</span> <span class='ocrx_word' id='word_1_36' title='bbox 614 782 705 860; x_wconf 88' lang='lat' dir='ltr'>longa</span> <span class='ocrx_word' id='word_1_37' title='bbox 726 780 845 859; x_wconf 78' lang='lat' dir='ltr'><strong>syllaba</strong></span> <span class='ocrx_word' id='word_1_38' title='bbox 866 781 963 858; x_wconf 88' lang='lat' dir='ltr'>prima</span> <span class='ocrx_word' id='word_1_39' title='bbox 984 779 1099 853; x_wconf 86' lang='lat' dir='ltr'>brevis;</span> 
     </span>
     <span class='ocr_line' id='line_1_7' title="bbox 386 867 1157 947; baseline -0.004 -18"><span class='ocrx_word' id='word_1_40' title='bbox 386 868 447 929; x_wconf 84' lang='lat' dir='ltr'>Aut</span> <span class='ocrx_word' id='word_1_41' title='bbox 468 869 663 947; x_wconf 85' lang='lat' dir='ltr'>producatur,</span> <span class='ocrx_word' id='word_1_42' title='bbox 688 883 767 944; x_wconf 89' lang='lat' dir='ltr'>quae</span> <span class='ocrx_word' id='word_1_43' title='bbox 789 883 871 925; x_wconf 93' lang='lat' dir='ltr'>nunc</span> <span class='ocrx_word' id='word_1_44' title='bbox 895 867 1062 944; x_wconf 87' lang='lat' dir='ltr'>correptius</span> <span class='ocrx_word' id='word_1_45' title='bbox 1087 867 1157 943; x_wconf 83' lang='lat' dir='ltr'>exit,</span> 
     </span>
     <span class='ocr_line' id='line_1_8' title="bbox 427 951 1072 1032; baseline -0.005 -19"><span class='ocrx_word' id='word_1_46' title='bbox 427 954 465 1013; x_wconf 89' lang='lat' dir='ltr'>Et</span> <span class='ocrx_word' id='word_1_47' title='bbox 486 956 525 1015; x_wconf 87' lang='lat' dir='ltr'>sit</span> <span class='ocrx_word' id='word_1_48' title='bbox 546 960 688 1032; x_wconf 90' lang='lat' dir='ltr'>porrecta</span> <span class='ocrx_word' id='word_1_49' title='bbox 708 953 799 1030; x_wconf 90' lang='lat' dir='ltr'>longa</span> <span class='ocrx_word' id='word_1_50' title='bbox 821 951 957 1010; x_wconf 83' lang='lat' dir='ltr'>secunda</span> <span class='ocrx_word' id='word_1_51' title='bbox 978 970 1072 1011; x_wconf 87' lang='lat' dir='ltr'>mora.</span> 
     </span>
     <span class='ocr_line' id='line_1_9' title="bbox 326 1039 1143 1117; baseline -0.001 -19"><span class='ocrx_word' id='word_1_52' title='bbox 326 1044 362 1098; x_wconf 87' lang='lat'>15</span> <span class='ocrx_word' id='word_1_53' title='bbox 386 1041 438 1100; x_wconf 87' lang='lat' dir='ltr'>His</span> <span class='ocrx_word' id='word_1_54' title='bbox 462 1059 516 1117; x_wconf 88' lang='lat' dir='ltr'>ego</span> <span class='ocrx_word' id='word_1_55' title='bbox 539 1042 564 1100; x_wconf 90' lang='lat' dir='ltr'>si</span> <span class='ocrx_word' id='word_1_56' title='bbox 585 1040 665 1100; x_wconf 81' lang='lat' dir='ltr'>vitiis</span> <span class='ocrx_word' id='word_1_57' title='bbox 688 1039 784 1098; x_wconf 92' lang='lat' dir='ltr'>ausim</span> <span class='ocrx_word' id='word_1_58' title='bbox 807 1055 999 1115; x_wconf 87' lang='lat' dir='ltr'>corrumpere</span> <span class='ocrx_word' id='word_1_59' title='bbox 1021 1055 1143 1113; x_wconf 87' lang='lat' dir='ltr'>nomen,</span> 
     </span>
     <span class='ocr_line' id='line_1_10' title="bbox 428 1122 1115 1202; baseline -0.006 -17"><span class='ocrx_word' id='word_1_60' title='bbox 428 1125 541 1185; x_wconf 91' lang='lat' dir='ltr'>Ridear</span> <span class='ocrx_word' id='word_1_61' title='bbox 565 1132 595 1185; x_wconf 89' lang='lat' dir='ltr'>et</span> <span class='ocrx_word' id='word_1_62' title='bbox 616 1125 724 1185; x_wconf 88' lang='lat' dir='ltr'>merito</span> <span class='ocrx_word' id='word_1_63' title='bbox 746 1129 855 1202; x_wconf 88' lang='lat' dir='ltr'>pectus</span> <span class='ocrx_word' id='word_1_64' title='bbox 876 1122 990 1182; x_wconf 88' lang='lat' dir='ltr'>habere</span> <span class='ocrx_word' id='word_1_65' title='bbox 1011 1140 1115 1199; x_wconf 84' lang='lat' dir='ltr'>negor.</span> 
     </span>
     <span class='ocr_line' id='line_1_11' title="bbox 386 1207 1144 1282; baseline -0.001 -13"><span class='ocrx_word' id='word_1_66' title='bbox 386 1210 471 1271; x_wconf 90' lang='lat' dir='ltr'>Haec</span> <span class='ocrx_word' id='word_1_67' title='bbox 493 1212 565 1271; x_wconf 91' lang='lat' dir='ltr'>mihi</span> <span class='ocrx_word' id='word_1_68' title='bbox 588 1228 683 1270; x_wconf 91' lang='lat' dir='ltr'>causa</span> <span class='ocrx_word' id='word_1_69' title='bbox 704 1211 760 1268; x_wconf 91' lang='lat' dir='ltr'>fuit</span> <span class='ocrx_word' id='word_1_70' title='bbox 783 1207 868 1268; x_wconf 89' lang='lat' dir='ltr'>dilati</span> <span class='ocrx_word' id='word_1_71' title='bbox 890 1209 1022 1268; x_wconf 89' lang='lat' dir='ltr'>muneris</span> <span class='ocrx_word' id='word_1_72' title='bbox 1043 1208 1144 1282; x_wconf 85' lang='lat' dir='ltr'>huius,</span> 
     </span>
     <span class='ocr_line' id='line_1_12' title="bbox 429 1293 1142 1367; baseline 0 -13"><span class='ocrx_word' id='word_1_73' title='bbox 429 1296 517 1367; x_wconf 83' lang='lat' dir='ltr'>Quod</span> <span class='ocrx_word' id='word_1_74' title='bbox 539 1315 625 1356; x_wconf 90' lang='lat' dir='ltr'>meus</span> <span class='ocrx_word' id='word_1_75' title='bbox 648 1295 767 1355; x_wconf 87' lang='lat' dir='ltr'>adiecto</span> <span class='ocrx_word' id='word_1_76' title='bbox 790 1293 893 1354; x_wconf 90' lang='lat' dir='ltr'>fenore</span> <span class='ocrx_word' id='word_1_77' title='bbox 915 1293 1024 1354; x_wconf 90' lang='lat' dir='ltr'>reddet</span> <span class='ocrx_word' id='word_1_78' title='bbox 1047 1312 1142 1354; x_wconf 87' lang='lat' dir='ltr'>amor.</span> 
     </span>
     <span class='ocr_line' id='line_1_13' title="bbox 385 1379 1312 1459; baseline 0.001 -19"><span class='ocrx_word' id='word_1_79' title='bbox 385 1380 489 1458; x_wconf 89' lang='lat' dir='ltr'>Teque</span> <span class='ocrx_word' id='word_1_80' title='bbox 506 1398 615 1441; x_wconf 89' lang='lat' dir='ltr'>canam</span> <span class='ocrx_word' id='word_1_81' title='bbox 630 1397 823 1459; x_wconf 90' lang='lat' dir='ltr'>quacumque</span> <span class='ocrx_word' id='word_1_82' title='bbox 844 1384 926 1454; x_wconf 83' lang='lat' dir='ltr'>nota,</span> <span class='ocrx_word' id='word_1_83' title='bbox 949 1379 1005 1438; x_wconf 88' lang='lat' dir='ltr'>tibi</span> <span class='ocrx_word' id='word_1_84' title='bbox 1023 1381 1158 1439; x_wconf 90' lang='lat' dir='ltr'>carmina</span> <span class='ocrx_word' id='word_1_85' title='bbox 1172 1381 1282 1451; x_wconf 83' lang='lat' dir='ltr'>mittan,</span> <span class='ocrx_word' id='word_1_86' title='bbox 1311 1392 1312 1409; x_wconf 66' lang='lat'>¹</span> 
     </span>
     <span class='ocr_line' id='line_1_14' title="bbox 325 1466 1110 1544; baseline 0 -20"><span class='ocrx_word' id='word_1_87' title='bbox 325 1469 364 1524; x_wconf 84' lang='lat'>20</span> <span class='ocrx_word' id='word_1_88' title='bbox 429 1466 530 1527; x_wconf 87' lang='lat' dir='ltr'>Paene</span> <span class='ocrx_word' id='word_1_89' title='bbox 552 1466 625 1526; x_wconf 90' lang='lat' dir='ltr'>mihi</span> <span class='ocrx_word' id='word_1_90' title='bbox 646 1483 741 1544; x_wconf 89' lang='lat' dir='ltr'>puero</span> <span class='ocrx_word' id='word_1_91' title='bbox 765 1466 884 1542; x_wconf 87' lang='lat' dir='ltr'>cognite</span> <span class='ocrx_word' id='word_1_92' title='bbox 906 1483 1003 1543; x_wconf 88' lang='lat' dir='ltr'>paene</span> <span class='ocrx_word' id='word_1_93' title='bbox 1025 1482 1110 1543; x_wconf 84' lang='lat' dir='ltr'>puer,</span> 
     </span>
     <span class='ocr_line' id='line_1_15' title="bbox 386 1550 1285 1631; baseline 0.001 -19"><span class='ocrx_word' id='word_1_94' title='bbox 386 1552 504 1630; x_wconf 88' lang='lat' dir='ltr'>Perque</span> <span class='ocrx_word' id='word_1_95' title='bbox 526 1558 571 1612; x_wconf 88' lang='lat' dir='ltr'>tot</span> <span class='ocrx_word' id='word_1_96' title='bbox 593 1569 740 1612; x_wconf 90' lang='lat' dir='ltr'>annornm</span> <span class='ocrx_word' id='word_1_97' title='bbox 761 1552 878 1626; x_wconf 87' lang='lat' dir='ltr'>seriem,</span> <span class='ocrx_word' id='word_1_98' title='bbox 903 1556 977 1627; x_wconf 87' lang='lat' dir='ltr'>quot</span> <span class='ocrx_word' id='word_1_99' title='bbox 990 1550 1140 1611; x_wconf 85' lang='lat' dir='ltr'>habemus</span> <span class='ocrx_word' id='word_1_100' title='bbox 1159 1558 1285 1631; x_wconf 79' lang='lat' dir='ltr'>uterque,</span> 
     </span>
     <span class='ocr_line' id='line_1_16' title="bbox 429 1636 1201 1716; baseline 0 -19"><span class='ocrx_word' id='word_1_101' title='bbox 429 1638 496 1697; x_wconf 92' lang='lat' dir='ltr'>Non</span> <span class='ocrx_word' id='word_1_102' title='bbox 518 1638 598 1713; x_wconf 87' lang='lat' dir='ltr'>mihi,</span> <span class='ocrx_word' id='word_1_103' title='bbox 623 1656 715 1716; x_wconf 88' lang='lat' dir='ltr'>quam</span> <span class='ocrx_word' id='word_1_104' title='bbox 736 1636 821 1696; x_wconf 87' lang='lat' dir='ltr'>fratri</span> <span class='ocrx_word' id='word_1_105' title='bbox 842 1636 942 1712; x_wconf 85' lang='lat' dir='ltr'>frater,</span> <span class='ocrx_word' id='word_1_106' title='bbox 968 1641 1067 1696; x_wconf 88' lang='lat' dir='ltr'>amate</span> <span class='ocrx_word' id='word_1_107' title='bbox 1089 1638 1201 1697; x_wconf 89' lang='lat' dir='ltr'>minus.</span> 
     </span>
     <span class='ocr_line' id='line_1_17' title="bbox 386 1721 1225 1800; baseline 0.002 -18"><span class='ocrx_word' id='word_1_108' title='bbox 386 1723 431 1782; x_wconf 89' lang='lat' dir='ltr'>Tu</span> <span class='ocrx_word' id='word_1_109' title='bbox 453 1723 552 1783; x_wconf 89' lang='lat' dir='ltr'>bonus</span> <span class='ocrx_word' id='word_1_110' title='bbox 573 1723 717 1799; x_wconf 84' lang='lat' dir='ltr'>hortator,</span> <span class='ocrx_word' id='word_1_111' title='bbox 741 1729 775 1782; x_wconf 91' lang='lat' dir='ltr'>tu</span> <span class='ocrx_word' id='word_1_112' title='bbox 799 1721 921 1800; x_wconf 83' lang='lat' dir='ltr'>duxque</span> <span class='ocrx_word' id='word_1_113' title='bbox 945 1739 1110 1799; x_wconf 85' lang='lat' dir='ltr'>comesque</span> <span class='ocrx_word' id='word_1_114' title='bbox 1133 1723 1225 1799; x_wconf 86' lang='lat' dir='ltr'>fuisti,</span> 
     </span>
     <span class='ocr_line' id='line_1_18' title="bbox 430 1807 1164 1886; baseline 0.001 -19"><span class='ocrx_word' id='word_1_115' title='bbox 430 1807 506 1869; x_wconf 86' lang='lat' dir='ltr'>Cum</span> <span class='ocrx_word' id='word_1_116' title='bbox 528 1828 664 1886; x_wconf 89' lang='lat' dir='ltr'>regerem</span> <span class='ocrx_word' id='word_1_117' title='bbox 685 1815 791 1868; x_wconf 91' lang='lat' dir='ltr'>tenera</span> <span class='ocrx_word' id='word_1_118' title='bbox 812 1808 898 1867; x_wconf 87' lang='lat' dir='ltr'>frena</span> <span class='ocrx_word' id='word_1_119' title='bbox 917 1807 1040 1867; x_wconf 90' lang='lat' dir='ltr'>novella</span> <span class='ocrx_word' id='word_1_120' title='bbox 1060 1827 1164 1868; x_wconf 91' lang='lat' dir='ltr'>manu.</span> 
     </span>
     <span class='ocr_line' id='line_1_19' title="bbox 324 1892 1150 1972; baseline 0.004 -22"><span class='ocrx_word' id='word_1_121' title='bbox 324 1896 363 1951; x_wconf 83' lang='lat'>25</span> <span class='ocrx_word' id='word_1_122' title='bbox 388 1892 486 1972; x_wconf 87' lang='lat' dir='ltr'>Saepe</span> <span class='ocrx_word' id='word_1_123' title='bbox 510 1911 566 1971; x_wconf 87' lang='lat' dir='ltr'>ago</span> <span class='ocrx_word' id='word_1_124' title='bbox 590 1895 709 1954; x_wconf 83' lang='lat' dir='ltr'>correxi</span> <span class='ocrx_word' id='word_1_125' title='bbox 731 1893 788 1953; x_wconf 87' lang='lat' dir='ltr'>sub</span> <span class='ocrx_word' id='word_1_126' title='bbox 809 1899 840 1953; x_wconf 91' lang='lat' dir='ltr'>te</span> <span class='ocrx_word' id='word_1_127' title='bbox 864 1911 990 1953; x_wconf 84' lang='lat' dir='ltr'>censore</span> <span class='ocrx_word' id='word_1_128' title='bbox 1013 1892 1150 1953; x_wconf 90' lang='lat' dir='ltr'>libellos·</span> 
     </span>
     <span class='ocr_line' id='line_1_20' title="bbox 430 1968 1170 2057; baseline 0.004 -20"><span class='ocrx_word' id='word_1_129' title='bbox 430 1976 528 2057; x_wconf 88' lang='lat' dir='ltr'>Saepe</span> <span class='ocrx_word' id='word_1_130' title='bbox 551 1979 606 2039; x_wconf 89' lang='lat' dir='ltr'>tibi</span> <span class='ocrx_word' id='word_1_131' title='bbox 630 1979 785 2039; x_wconf 87' lang='lat' dir='ltr'>admonitu</span> <span class='ocrx_word' id='word_1_132' title='bbox 806 1979 889 2038; x_wconf 89' lang='lat' dir='ltr'>facta</span> <span class='ocrx_word' id='word_1_133' title='bbox 910 1978 1001 2038; x_wconf 88' lang='lat' dir='ltr'>litura</span> <span class='ocrx_word' id='word_1_134' title='bbox 1022 1997 1090 2041; x_wconf 89' lang='lat' dir='ltr'>meo</span> <span class='ocrx_word' id='word_1_135' title='bbox 1114 1968 1170 2054; x_wconf 69' lang='lat' dir='ltr'>est,</span> 
     </span>
     <span class='ocr_line' id='line_1_21' title="bbox 387 2063 1166 2141; baseline 0.003 -18"><span class='ocrx_word' id='word_1_136' title='bbox 387 2063 514 2141; x_wconf 84' lang='lat' dir='ltr'>Dignam</span> <span class='ocrx_word' id='word_1_137' title='bbox 535 2064 679 2124; x_wconf 87' lang='lat' dir='ltr'>Maeoniis</span> <span class='ocrx_word' id='word_1_138' title='bbox 701 2063 875 2126; x_wconf 86' lang='lat' dir='ltr'>Phaeacida</span> <span class='ocrx_word' id='word_1_139' title='bbox 897 2064 1029 2124; x_wconf 90' lang='lat' dir='ltr'>condere</span> <span class='ocrx_word' id='word_1_140' title='bbox 1052 2064 1166 2125; x_wconf 88' lang='lat' dir='ltr'>chartis</span> 
     </span>
     <span class='ocr_line' id='line_1_22' title="bbox 431 2147 1030 2228; baseline -0.002 -20"><span class='ocrx_word' id='word_1_141' title='bbox 431 2147 508 2209; x_wconf 84' lang='lat' dir='ltr'>Cum</span> <span class='ocrx_word' id='word_1_142' title='bbox 529 2156 560 2210; x_wconf 88' lang='lat' dir='ltr'>ta</span> <span class='ocrx_word' id='word_1_143' title='bbox 582 2150 717 2210; x_wconf 87' lang='lat' dir='ltr'>Pierides</span> <span class='ocrx_word' id='word_1_144' title='bbox 739 2150 927 2228; x_wconf 88' lang='lat' dir='ltr'>perdocuere</span> <span class='ocrx_word' id='word_1_145' title='bbox 949 2156 1030 2210; x_wconf 89' lang='lat' dir='ltr'>tuae.</span> 
     </span>
     <span class='ocr_line' id='line_1_23' title="bbox 386 2234 1234 2313; baseline 0.007 -20"><span class='ocrx_word' id='word_1_146' title='bbox 386 2234 443 2293; x_wconf 85' lang='lat' dir='ltr'>Hic</span> <span class='ocrx_word' id='word_1_147' title='bbox 464 2241 560 2310; x_wconf 87' lang='lat' dir='ltr'>tenor,</span> <span class='ocrx_word' id='word_1_148' title='bbox 582 2235 662 2296; x_wconf 90' lang='lat' dir='ltr'>haec</span> <span class='ocrx_word' id='word_1_149' title='bbox 683 2234 770 2295; x_wconf 87' lang='lat' dir='ltr'>viridi</span> <span class='ocrx_word' id='word_1_150' title='bbox 793 2235 958 2295; x_wconf 88' lang='lat' dir='ltr'>concordia</span> <span class='ocrx_word' id='word_1_151' title='bbox 980 2240 1091 2313; x_wconf 90' lang='lat' dir='ltr'>coepta</span> <span class='ocrx_word' id='word_1_152' title='bbox 1111 2237 1234 2298; x_wconf 89' lang='lat' dir='ltr'>iuventa</span> 
     </span>
     <span class='ocr_line' id='line_1_24' title="bbox 322 2320 1080 2382; baseline 0.001 -4"><span class='ocrx_word' id='word_1_153' title='bbox 322 2321 363 2379; x_wconf 78' lang='lat'>30</span> <span class='ocrx_word' id='word_1_154' title='bbox 428 2320 517 2380; x_wconf 87' lang='lat' dir='ltr'>Venit</span> <span class='ocrx_word' id='word_1_155' title='bbox 540 2321 579 2381; x_wconf 93' lang='lat' dir='ltr'>ad</span> <span class='ocrx_word' id='word_1_156' title='bbox 602 2321 739 2382; x_wconf 86' lang='lat' dir='ltr'>albentes</span> <span class='ocrx_word' id='word_1_157' title='bbox 760 2321 946 2381; x_wconf 89' lang='lat' dir='ltr'>inlabefacta</span> <span class='ocrx_word' id='word_1_158' title='bbox 968 2339 1080 2381; x_wconf 92' lang='lat' dir='ltr'>comas.</span> 
     </span>
     <span class='ocr_line' id='line_1_25' title="bbox 386 2405 1312 2495; baseline 0.005 -30"><span class='ocrx_word' id='word_1_159' title='bbox 386 2405 472 2477; x_wconf 88' lang='lat' dir='ltr'>Quae</span> <span class='ocrx_word' id='word_1_160' title='bbox 493 2407 551 2467; x_wconf 91' lang='lat' dir='ltr'>nisi</span> <span class='ocrx_word' id='word_1_161' title='bbox 572 2414 602 2468; x_wconf 89' lang='lat' dir='ltr'>te</span> <span class='ocrx_word' id='word_1_162' title='bbox 625 2412 776 2481; x_wconf 88' lang='lat' dir='ltr'>moveant,</span> <span class='ocrx_word' id='word_1_163' title='bbox 801 2407 876 2467; x_wconf 88' lang='lat' dir='ltr'>duro</span> <span class='ocrx_word' id='word_1_164' title='bbox 898 2406 954 2465; x_wconf 88' lang='lat' dir='ltr'>tibi</span> <span class='ocrx_word' id='word_1_165' title='bbox 975 2413 1102 2484; x_wconf 90' lang='lat' dir='ltr'>pectora</span> <span class='ocrx_word' id='word_1_166' title='bbox 1123 2408 1204 2470; x_wconf 87' lang='lat' dir='ltr'>ferro</span> <span class='ocrx_word' id='word_1_167' title='bbox 1311 2444 1312 2495; x_wconf 55' lang='lat' dir='ltr'>p</span> 
     </span>
     <span class='ocr_line' id='line_1_26' title="bbox 428 2491 1312 2579; baseline 0.005 -29"><span class='ocrx_word' id='word_1_168' title='bbox 428 2491 511 2567; x_wconf 86' lang='lat' dir='ltr'>Esse,</span> <span class='ocrx_word' id='word_1_169' title='bbox 535 2493 584 2552; x_wconf 88' lang='lat' dir='ltr'>vel</span> <span class='ocrx_word' id='word_1_170' title='bbox 606 2494 719 2553; x_wconf 86' lang='lat' dir='ltr'>invicto</span> <span class='ocrx_word' id='word_1_171' title='bbox 743 2492 849 2552; x_wconf 88' lang='lat' dir='ltr'>clausa</span> <span class='ocrx_word' id='word_1_172' title='bbox 872 2491 1033 2552; x_wconf 88' lang='lat' dir='ltr'>adamante</span> <span class='ocrx_word' id='word_1_173' title='bbox 1055 2499 1170 2571; x_wconf 85' lang='lat' dir='ltr'>putem.</span> <span class='ocrx_word' id='word_1_174' title='bbox 1311 2568 1312 2579; x_wconf 10' lang='grc' dir='ltr'>ἵ</span> 
     </span>
     <span class='ocr_line' id='line_1_27' title="bbox 387 2574 1264 2656; baseline 0.007 -21"><span class='ocrx_word' id='word_1_175' title='bbox 387 2574 448 2635; x_wconf 88' lang='lat' dir='ltr'>Sed</span> <span class='ocrx_word' id='word_1_176' title='bbox 471 2579 554 2655; x_wconf 87' lang='lat' dir='ltr'>prius</span> <span class='ocrx_word' id='word_1_177' title='bbox 575 2579 648 2638; x_wconf 93' lang='lat' dir='ltr'>huic</span> <span class='ocrx_word' id='word_1_178' title='bbox 671 2577 770 2637; x_wconf 89' lang='lat' dir='ltr'>desint</span> <span class='ocrx_word' id='word_1_179' title='bbox 793 2584 823 2638; x_wconf 92' lang='lat' dir='ltr'>et</span> <span class='ocrx_word' id='word_1_180' title='bbox 845 2577 959 2637; x_wconf 90' lang='lat' dir='ltr'>bellum</span> <span class='ocrx_word' id='word_1_181' title='bbox 982 2584 1012 2638; x_wconf 89' lang='lat' dir='ltr'>et</span> <span class='ocrx_word' id='word_1_182' title='bbox 1033 2578 1146 2656; x_wconf 82' lang='lat' dir='ltr'>frigora</span> <span class='ocrx_word' id='word_1_183' title='bbox 1166 2586 1264 2654; x_wconf 84' lang='lat' dir='ltr'>terrae,</span> 
     </span>
     <span class='ocr_line' id='line_1_28' title="bbox 428 2661 1100 2741; baseline 0.004 -21"><span class='ocrx_word' id='word_1_184' title='bbox 428 2661 545 2722; x_wconf 86' lang='lat' dir='ltr'>Invisus</span> <span class='ocrx_word' id='word_1_185' title='bbox 566 2663 654 2723; x_wconf 90' lang='lat' dir='ltr'>nobis</span> <span class='ocrx_word' id='word_1_186' title='bbox 678 2681 756 2741; x_wconf 88' lang='lat' dir='ltr'>quae</span> <span class='ocrx_word' id='word_1_187' title='bbox 780 2663 840 2723; x_wconf 93' lang='lat' dir='ltr'>duo</span> <span class='ocrx_word' id='word_1_188' title='bbox 862 2663 975 2723; x_wconf 88' lang='lat' dir='ltr'>Pontus</span> <span class='ocrx_word' id='word_1_189' title='bbox 996 2663 1100 2739; x_wconf 88' lang='lat' dir='ltr'>habet,</span> 
     </span>
     <span class='ocr_line' id='line_1_29' title="bbox 324 2745 1164 2827; baseline 0.007 -23"><span class='ocrx_word' id='word_1_190' title='bbox 324 2747 363 2804; x_wconf 84' lang='lat'>35</span> <span class='ocrx_word' id='word_1_191' title='bbox 386 2745 424 2806; x_wconf 86' lang='lat' dir='ltr'>Et</span> <span class='ocrx_word' id='word_1_192' title='bbox 445 2747 566 2825; x_wconf 90' lang='lat' dir='ltr'>tepidus</span> <span class='ocrx_word' id='word_1_193' title='bbox 587 2748 698 2809; x_wconf 88' lang='lat' dir='ltr'>boreas</span> <span class='ocrx_word' id='word_1_194' title='bbox 721 2753 751 2809; x_wconf 94' lang='lat' dir='ltr'>et</span> <span class='ocrx_word' id='word_1_195' title='bbox 772 2749 811 2808; x_wconf 88' lang='lat' dir='ltr'>sit</span> <span class='ocrx_word' id='word_1_196' title='bbox 831 2748 1030 2827; x_wconf 84' lang='lat' dir='ltr'>praefrigidus</span> <span class='ocrx_word' id='word_1_197' title='bbox 1053 2757 1164 2827; x_wconf 88' lang='lat' dir='ltr'>auster,</span> 
     </span>
     <span class='ocr_line' id='line_1_30' title="bbox 429 2830 1067 2910; baseline 0.006 -19"><span class='ocrx_word' id='word_1_198' title='bbox 429 2830 466 2891; x_wconf 87' lang='lat' dir='ltr'>Et</span> <span class='ocrx_word' id='word_1_199' title='bbox 487 2835 582 2910; x_wconf 85' lang='lat' dir='ltr'>possit</span> <span class='ocrx_word' id='word_1_200' title='bbox 603 2833 699 2895; x_wconf 86' lang='lat' dir='ltr'>fatum</span> <span class='ocrx_word' id='word_1_201' title='bbox 720 2834 841 2894; x_wconf 91' lang='lat' dir='ltr'>mollius</span> <span class='ocrx_word' id='word_1_202' title='bbox 864 2853 930 2895; x_wconf 87' lang='lat' dir='ltr'>esse</span> <span class='ocrx_word' id='word_1_203' title='bbox 953 2853 1067 2895; x_wconf 93' lang='lat' dir='ltr'>meum:</span> 
     </span>
     <span class='ocr_line' id='line_1_31' title="bbox 387 2917 1187 2999; baseline 0.006 -23"><span class='ocrx_word' id='word_1_204' title='bbox 387 2917 485 2990; x_wconf 87' lang='lat' dir='ltr'>Quam</span> <span class='ocrx_word' id='word_1_205' title='bbox 505 2924 560 2978; x_wconf 91' lang='lat' dir='ltr'>tua</span> <span class='ocrx_word' id='word_1_206' title='bbox 581 2920 639 2980; x_wconf 89' lang='lat' dir='ltr'>sint</span> <span class='ocrx_word' id='word_1_207' title='bbox 661 2919 747 2998; x_wconf 92' lang='lat' dir='ltr'>lapso</span> <span class='ocrx_word' id='word_1_208' title='bbox 769 2919 950 2999; x_wconf 89' lang='lat' dir='ltr'>praecordia</span> <span class='ocrx_word' id='word_1_209' title='bbox 971 2921 1049 2981; x_wconf 88' lang='lat' dir='ltr'>dura</span> <span class='ocrx_word' id='word_1_210' title='bbox 1070 2919 1187 2998; x_wconf 86' lang='lat' dir='ltr'>sodali;</span> 
     </span>
     <span class='ocr_line' id='line_1_32' title="bbox 429 3003 1170 3083; baseline 0.007 -22"><span class='ocrx_word' id='word_1_211' title='bbox 429 3003 485 3062; x_wconf 93' lang='lat' dir='ltr'>Hic</span> <span class='ocrx_word' id='word_1_212' title='bbox 508 3005 648 3064; x_wconf 91' lang='lat' dir='ltr'>cumulus</span> <span class='ocrx_word' id='word_1_213' title='bbox 668 3006 779 3064; x_wconf 88' lang='lat' dir='ltr'>nostris</span> <span class='ocrx_word' id='word_1_214' title='bbox 801 3005 880 3065; x_wconf 88' lang='lat' dir='ltr'>absit</span> <span class='ocrx_word' id='word_1_215' title='bbox 903 3005 1050 3083; x_wconf 89' lang='lat' dir='ltr'>abestque</span> <span class='ocrx_word' id='word_1_216' title='bbox 1072 3008 1170 3067; x_wconf 87' lang='lat' dir='ltr'>malis.</span> 
     </span>
     <span class='ocr_line' id='line_1_33' title="bbox 385 3087 1280 3169; baseline 0.001 -21"><span class='ocrx_word' id='word_1_217' title='bbox 385 3088 431 3148; x_wconf 95' lang='lat' dir='ltr'>Tu</span> <span class='ocrx_word' id='word_1_218' title='bbox 453 3089 543 3150; x_wconf 90' lang='lat' dir='ltr'>modo</span> <span class='ocrx_word' id='word_1_219' title='bbox 565 3109 620 3168; x_wconf 89' lang='lat' dir='ltr'>per</span> <span class='ocrx_word' id='word_1_220' title='bbox 642 3087 783 3169; x_wconf 89' lang='lat' dir='ltr'>Superos,</span> <span class='ocrx_word' id='word_1_221' title='bbox 808 3109 936 3168; x_wconf 92' lang='lat' dir='ltr'>quorum</span> <span class='ocrx_word' id='word_1_222' title='bbox 959 3093 1146 3152; x_wconf 89' lang='lat' dir='ltr'>certissimus</span> <span class='ocrx_word' id='word_1_223' title='bbox 1167 3093 1280 3163; x_wconf 75' lang='lat' dir='ltr'>illaesi,</span> 
     </span>
     <span class='ocr_line' id='line_1_34' title="bbox 323 3173 1312 3261; baseline 0.007 -30"><span class='ocrx_word' id='word_1_224' title='bbox 323 3176 362 3232; x_wconf 88' lang='lat'>40</span> <span class='ocrx_word' id='word_1_225' title='bbox 429 3173 494 3246; x_wconf 87' lang='lat' dir='ltr'>Quo</span> <span class='ocrx_word' id='word_1_226' title='bbox 517 3181 588 3235; x_wconf 89' lang='lat' dir='ltr'>tuus</span> <span class='ocrx_word' id='word_1_227' title='bbox 612 3175 738 3236; x_wconf 91' lang='lat' dir='ltr'>adsidue</span> <span class='ocrx_word' id='word_1_228' title='bbox 762 3176 896 3254; x_wconf 90' lang='lat' dir='ltr'>principe</span> <span class='ocrx_word' id='word_1_229' title='bbox 920 3178 1015 3237; x_wconf 88' lang='lat' dir='ltr'>crevit</span> <span class='ocrx_word' id='word_1_230' title='bbox 1036 3178 1143 3255; x_wconf 85' lang='lat' dir='ltr'>honor,</span> <span class='ocrx_word' id='word_1_231' title='bbox 1311 3222 1312 3261; x_wconf 46' lang='lat' dir='ltr'>p</span> 
     </span>
     <span class='ocr_line' id='line_1_35' title="bbox 385 3258 1312 3340; baseline 0.005 -23"><span class='ocrx_word' id='word_1_232' title='bbox 385 3258 480 3319; x_wconf 88' lang='lat' dir='ltr'>Effice</span> <span class='ocrx_word' id='word_1_233' title='bbox 503 3263 653 3320; x_wconf 91' lang='lat' dir='ltr'>constanti</span> <span class='ocrx_word' id='word_1_234' title='bbox 674 3261 834 3340; x_wconf 89' lang='lat' dir='ltr'>profugum</span> <span class='ocrx_word' id='word_1_235' title='bbox 854 3263 968 3339; x_wconf 90' lang='lat' dir='ltr'>pietate</span> <span class='ocrx_word' id='word_1_236' title='bbox 991 3262 1114 3338; x_wconf 87' lang='lat' dir='ltr'>tuendo,</span> <span class='ocrx_word' id='word_1_237' title='bbox 1311 3266 1312 3335; x_wconf 82' lang='lat' dir='ltr'><strong>l</strong></span> 
     </span>
     <span class='ocr_line' id='line_1_36' title="bbox 428 3344 1103 3424; baseline 0.007 -21"><span class='ocrx_word' id='word_1_238' title='bbox 428 3344 473 3404; x_wconf 90' lang='lat' dir='ltr'>Ne</span> <span class='ocrx_word' id='word_1_239' title='bbox 496 3352 619 3424; x_wconf 89' lang='lat' dir='ltr'>sperata</span> <span class='ocrx_word' id='word_1_240' title='bbox 640 3365 740 3407; x_wconf 89' lang='lat' dir='ltr'>meam</span> <span class='ocrx_word' id='word_1_241' title='bbox 762 3347 883 3407; x_wconf 88' lang='lat' dir='ltr'>deserat</span> <span class='ocrx_word' id='word_1_242' title='bbox 906 3365 980 3406; x_wconf 89' lang='lat' dir='ltr'>aura</span> <span class='ocrx_word' id='word_1_243' title='bbox 1001 3354 1103 3408; x_wconf 84' lang='lat' dir='ltr'>ratem</span> 
     </span>
     <span class='ocr_line' id='line_1_37' title="bbox 385 3430 1275 3511; baseline 0.004 -23"><span class='ocrx_word' id='word_1_244' title='bbox 385 3430 464 3501; x_wconf 85' lang='lat' dir='ltr'>Quid</span> <span class='ocrx_word' id='word_1_245' title='bbox 486 3430 636 3506; x_wconf 86' lang='lat' dir='ltr'>mandem,</span> <span class='ocrx_word' id='word_1_246' title='bbox 660 3450 804 3508; x_wconf 92' lang='lat' dir='ltr'>quaeras:</span> <span class='ocrx_word' id='word_1_247' title='bbox 828 3450 961 3511; x_wconf 88' lang='lat' dir='ltr'>peream,</span> <span class='ocrx_word' id='word_1_248' title='bbox 981 3434 1039 3494; x_wconf 90' lang='lat' dir='ltr'>nisi</span> <span class='ocrx_word' id='word_1_249' title='bbox 1054 3435 1160 3494; x_wconf 90' lang='lat' dir='ltr'>dicere</span> <span class='ocrx_word' id='word_1_250' title='bbox 1174 3438 1223 3496; x_wconf 82' lang='lat' dir='ltr'>vix</span> <span class='ocrx_word' id='word_1_251' title='bbox 1237 3441 1275 3504; x_wconf 80' lang='lat' dir='ltr'>est</span> 
     </span>
     <span class='ocr_line' id='line_1_38' title="bbox 429 3513 1101 3596; baseline 0.006 -22"><span class='ocrx_word' id='word_1_252' title='bbox 429 3513 581 3593; x_wconf 78' lang='lat' dir='ltr'>simodo,</span> <span class='ocrx_word' id='word_1_253' title='bbox 606 3518 657 3594; x_wconf 92' lang='lat' dir='ltr'>qui</span> <span class='ocrx_word' id='word_1_254' title='bbox 678 3518 775 3595; x_wconf 83' lang='lat' dir='ltr'>periit,</span> <span class='ocrx_word' id='word_1_255' title='bbox 798 3517 849 3577; x_wconf 90' lang='lat' dir='ltr'>ille</span> <span class='ocrx_word' id='word_1_256' title='bbox 871 3520 969 3596; x_wconf 88' lang='lat' dir='ltr'>perire</span> <span class='ocrx_word' id='word_1_257' title='bbox 991 3525 1101 3596; x_wconf 89' lang='lat' dir='ltr'>potest.</span> 
     </span>
     <span class='ocr_line' id='line_1_39' title="bbox 323 3600 1278 3681; baseline 0.005 -24"><span class='ocrx_word' id='word_1_258' title='bbox 323 3602 362 3657; x_wconf 82' lang='lat'>45</span> <span class='ocrx_word' id='word_1_259' title='bbox 385 3600 459 3673; x_wconf 87' lang='lat' dir='ltr'>Nec,</span> <span class='ocrx_word' id='word_1_260' title='bbox 483 3602 555 3678; x_wconf 92' lang='lat' dir='ltr'>quid</span> <span class='ocrx_word' id='word_1_261' title='bbox 579 3620 675 3678; x_wconf 82' lang='lat' dir='ltr'>agam,</span> <span class='ocrx_word' id='word_1_262' title='bbox 697 3603 827 3675; x_wconf 87' lang='lat' dir='ltr'>invenio,</span> <span class='ocrx_word' id='word_1_263' title='bbox 849 3621 908 3663; x_wconf 87' lang='lat' dir='ltr'>nec</span> <span class='ocrx_word' id='word_1_264' title='bbox 923 3604 997 3681; x_wconf 88' lang='lat' dir='ltr'>quid</span> <span class='ocrx_word' id='word_1_265' title='bbox 1010 3603 1144 3666; x_wconf 89' lang='lat' dir='ltr'>nolimve</span> <span class='ocrx_word' id='word_1_266' title='bbox 1159 3606 1278 3675; x_wconf 77' lang='lat' dir='ltr'>velimus,</span> 
     </span>
    </p>
   </div>
   <div class='ocr_carea' id='block_1_5' title="bbox 0 0 1334 4228">
    <p class='ocr_par' dir='ltr' id='par_1_5' title="bbox 0 0 1334 4228">
     <span class='ocr_line' id='line_1_40' title="bbox 0 0 1334 4228; baseline 0 1"><span class='ocrx_word' id='word_1_267' title='bbox 0 0 1334 4228; x_wconf 95' lang='lat' dir='ltr'> </span> 
     </span>
    </p>
   </div>
  </div>
 </body>
</html>
